3034 4934
609 497 611 504 s
624 465 661 536 ll.

447 611 652 685 Historia
679 619 844 707 textus.

593 799 620 864 b.
644 798 695 860 92.

360 929 402 988 be
419 932 506 990 textu
520 899 665 1003 ¹prlnrariu
684 931 928 993 strenuorum

144 1071 172 1130 S.
202 1070 359 1149 Scripturae
385 1078 474 1130 textus
502 1088 537 1129 en
565 1079 640 1150 parte
670 1073 696 1130 in
726 1071 818 1148 lingua
848 1071 1010 1147 originaria,
1042 1088 1077 1128 ex
1103 1077 1179 1149 parte
1207 1070 1234 1127 in

61 1178 230 1239 versionibus
259 1179 337 1239 nobis
362 1188 498 1258 superest.
556 1178 710 1258 Loqnemnr
738 1182 820 1257 igitur
847 1179 870 1239 l.
901 1179 936 1239 de
966 1186 1040 1238 textu
1061 1161 1233 1256 originario,

61 1285 97 1346 ll.
120 1287 155 1346 de
176 1286 362 1348 versionibus.

445 1421 467 1478 1.
502 1379 655 1478 tle'textu
679 1418 847 1491 ampinana.

141 1542 209 1604 Heio
229 1546 278 1604 tria
300 1545 379 1606 nobis
399 1544 597 1606 consideranda
618 1553 699 1605 sunt:
730 1547 763 1606 Α,
787 1553 880 1605 textus
908 1545 1070 1621 originarius
1097 1545 1122 1603 in
1143 1543 1231 1604 lorma

60 1653 193 1730 primitiva
200 1672 210 1729 ;
232 1650 262 1712 li.
285 1652 356 1714 idem
369 1651 404 1728 'in'
427 1653 638 1730 mutationibus,
661 1671 730 1732 quas
752 1670 802 1733 per
819 1652 964 1714 decursum
984 1653 1115 1732 temporis
1133 1650 1215 1710 subiit
1222 1671 1230 1727 ;
1250 1689 1252 1692 -

59 1758 91 1818 (Ξ.
115 1768 211 1842 natura
233 1762 344 1823 criticae
367 1769 468 1822 textus.

593 1935 620 2002 d.
642 1934 689 1999 93,

364 2079 366 2083 ·
407 2071 441 2128 Α.
474 2068 580 2128 Forma
593 2070 702 2129 textus
719 2069 877 2142 munuum

115 2267 116 2271 ,
142 2205 168 2265 1.
191 2206 306 2267 Veteres
328 2207 362 2267 ad
383 2206 559 2267 scribendum
581 2215 748 2282 atramento,
781 2207 887 2268 calamo
908 2216 937 2267 et
955 2208 1049 2268 charta
1071 2209 1228 2270 utebantur.

55 2313 156 2376 Charta
185 2314 302 2394 duplicis
331 2323 388 2375 erat
416 2317 545 2392 generis,
575 2315 699 2376 subtilior
728 2325 756 2375 et
784 2315 894 2377 densior
901 2337 909 2392 ;
941 2316 975 2376 ad
1003 2318 1133 2397 epistulas
1156 2321 1232 2397 prior

54 2423 254 2499 adhibebatur3
278 2424 311 2484 ad
334 2423 488 2485 exarandos
509 2442 654 2484 sermones
676 2424 818 2500 longiores
840 2427 921 2485 etiarn
943 2425 1115 2486 membranae
1135 2444 1232 2488 sume-
1310 2415 1313 2421 ¹

53 2534 166 2608 bantur,
188 2535 268 2593 sicuti
291 2531 393 2594 Paulus
414 2535 441 2593 in
465 2532 503 2591 ll.
525 2531 593 2593 Tim.
618 2530 657 2606 t,
681 2527 721 2591 ta
741 2530 820 2591 dicit:
842 2537 921 2613 φέρε
942 2577 950 2592 .
974 2578 980 2592 .
1002 2578 1008 2592 .
1029 2531 1228 2617 μεμβράνας.
1325 2551 1328 2572 ·

53 2639 198 2717 Chartae,
214 2644 353 2701 atramenti
375 2649 402 2700 et
422 2658 526 2721 pennae
548 2641 711 2724 mentionem
733 2638 799 2699 lacit
816 2639 933 2700 loannes
955 2641 982 2700 in
1004 2639 1038 2700 ll.
1061 2658 1106 2719 ep.
1130 2659 1154 2700 v.
1174 2639 1227 2701 ta:

51 2793 81 2826 „.
105 2795 112 2809 .
135 2796 142 2810 .
163 2746 239 2829 ὑμῖν
257 2747 390 2834 γράφειν
418 2745 476 2812 οὐκ
495 2743 681 2831 ἐβουλήθην
701 2743 756 2808 duel
777 2745 930 2832 χάρτου
952 2746 1006 2809 καὶ
1025 2745 1228 2825 putares«.
1325 2780 1328 2786 ·

50 2860 128 2918 etin
150 2856 200 2919 lll.
224 2877 267 2940 ep.
290 2879 316 2919 v.
342 2855 396 2920 13:
420 2901 453 2933 ,.
477 2904 483 2918 .
506 2903 512 2917 .
534 2854 571 2919 οὐ
593 2853 683 2918 θέλω
703 2853 758 2918 duel
778 2854 952 2936 μέλανος
972 2854 1026 2918 καὶ
1045 2854 1229 2937 καλάμου

50 2983 105 3029 σοι
125 2965 306 3052 γράψαι.“’
674 2981 675 2986 ’

134 3066 166 3136 2.
190 3075 355 3153 Quaeritur,
377 3091 430 3155 qua
451 3077 556 3136 ratione
578 3093 659 3136 sacra
680 3077 783 3157 scripta
803 3075 906 3138 fuerint
927 3076 1090 3154 divulgata?
1111 3078 1227 3141 Veteres

48 3185 195 3247 scribenda
216 3204 271 3246 non
292 3187 402 3265 propria
423 3201 538 3244 exarare
559 3200 654 3258 manu,
676 3183 727 3244 sed
749 3184 849 3245 scribis
867 3184 972 3247 dictare
988 3165 1133 3262 solebdnt3
1155 3187 1227 3248 bunc

49 3313 157 3357 morem
185 3303 297 3354 secutus
325 3303 369 3354 est
398 3294 424 3354 b.
448 3293 564 3368 Paulus,
589 3292 653 3356 ¹sola
684 3295 710 3353 in
739 3293 792 3356 line
819 3294 992 3375 epistolarum
1015 3296 1126 3375 propria
1147 3312 1225 3356 manu

46 3405 211 3465 salutatione
232 3401 338 3479 addita;
361 3421 387 3464 e.
411 3423 439 3480 g.
463 3401 498 3462 ll.
515 3401 616 3463 Thess.
634 3399 664 3477 3,
689 3399 744 3462 ll:
767 3403 931 3478 „Salutatim
954 3420 1014 3465 mea
1035 3422 1117 3464 manu
1128 3404 1223 3466 Pauli:

47 3513 124 3590 quod
147 3519 191 3570 est
212 3513 322 3589 signum
343 3513 369 3571 in
390 3513 463 3572 omni
486 3512 620 3590 epistola:
645 3513 681 3571 ita
704 3511 834 3588 scribo“;
864 3521 892 3571 et
919 3512 953 3571 ad
981 3511 1061 3574 Rom.
1088 3510 1143 3588 16,
1166 3509 1224 3573 22:

48 3621 167 3695 ,Saluto
189 3638 239 3680 ros
261 3638 315 3698 ego
339 3666 345 3679 .
372 3664 379 3679 .
402 3622 449 3698 qui
471 3621 570 3700 scripsi
593 3619 752 3701 epistolam,
770 3621 807 3679 'in
828 3620 978 3680 Domino.“
1020 3618 1095 3680 Tunc
1123 3621 1225 3700 scripta

44 3734 73 3788 in
97 3728 242 3804 coetibus,
266 3728 302 3789 ad
323 3746 395 3807 quos
416 3737 503 3789 erano
519 3730 648 3804 directa,
675 3728 922 3808 praelegebantur3
951 3728 1049 3790 fideles
1071 3728 1223 3791 laetabundi

44 3838 147 3898 eadem
170 3838 328 3915 relegebant
347 3849 375 3900 et
397 3837 597 3899 describebant.

132 3947 175 4008 lle
197 3947 379 4028 autographis
401 3967 425 4008 s.
448 3956 589 4008 auctorum
612 3965 646 4008 ne
667 3949 814 4024 vestigium
836 3947 944 4024 quidem
966 3954 1105 4026 superest,
1128 3947 1224 4006 cuncta

39 4058 102 4131 jam
126 4057 222 4136 primis
244 4056 415 4136 temporibus
436 4057 574 4134 perierunt
581 4073 590 4132 ;
613 4054 687 4132 quod
708 4054 819 4132 quidem
839 4056 940 4116 nemini
961 4057 1056 4116 mirum
1079 4053 1222 4128 ridebitur,

40 4166 91 4241 qui
122 4162 314 4243 perpenderit,
345 4172 515 4242 quantopere
544 4181 593 4242 per
619 4171 674 4223 tam
705 4162 882 4242 multiplicem
911 4181 990 4224 usum
1020 4163 1119 4222 luerint
1148 4153 1220 4236 trita.

41 4270 156 4330 Exinde
183 4280 278 4351 patet,
308 4274 415 4332 nonnisi
447 4271 482 4331 de
511 4271 713 4350 exemplaribus
744 4270 943 4353 (apographis)
971 4289 1124 4332 sermonem
1146 4271 1221 4348 injici
