3034 4934
1163 329 1223 400 lua

48 517 166 560 sensum.
212 499 319 580 Aperte
350 501 430 559 etiam
446 479 522 582 μήν
554 495 739 583 παράδοσιν
771 516 822 559 ceu
853 499 955 560 iontem
987 501 1117 578 assignat.
1159 499 1224 562 Nou

48 610 132 668 solum
154 607 303 668 Ecclesiae
324 607 463 669 orientalis
485 616 513 666 et
536 605 714 668 occidentalis
736 609 829 684 ritus,
850 607 900 668 sed
922 610 1004 669 etiam
1026 611 1148 670 omnium
1168 627 1222 670 au·
1271 605 1272 612 ’

48 725 151 777 olorum
172 718 308 796 graviora
330 725 443 782 uouerat
463 717 574 796 scripta.
605 711 744 777 Eusebius
764 733 843 776 sacra
865 717 966 796 scripta
987 719 1091 778 intres
1114 718 1220 780 classes

47 823 181 902 dispescit
201 834 231 885 et
252 824 381 903 quidem:

111 937 143 1007 a)
166 935 192 994 io
216 930 460 1013 ὁμολογούμενα
467 979 477 1012 ,
497 951 568 1012 quae
588 935 695 996 scilicet
715 936 750 998 ab
771 933 895 1002 omnibus
917 943 946 994 et
966 933 1065 1011 ulrique
1085 943 1223 1013 tamquam

168 1043 329 1122 apostolica
350 1041 572 1120 agnoscebantur
578 1063 588 1118 ;

108 1152 142 1226 b)
163 1153 190 1211 in
221 1147 471 1230 ἀναλεγόμενοι,
499 1167 588 1230 quae,
620 1159 648 1212 ut
675 1158 768 1232 aperte
797 1150 880 1226 dicit,
911 1170 926 1211 a
953 1155 1098 1227 pluribus
1126 1169 1222 1212 revera

165 1259 340 1340 apostolicae
369 1239 484 1335 originis
517 1257 702 1334 habebantur,
734 1276 749 1317 a
777 1263 941 1319 nonnullis
968 1266 1056 1319 autem
1078 1259 1223 1339 impugnass

165 1368 284 1444 bantur;
990 1425 994 1431 ,
1119 1435 1124 1442 ,

107 1479 139 1549 e)
163 1479 192 1536 in
215 1472 329 1554 νόθα,
350 1477 410 1534 sive
431 1477 542 1555 spuria,
564 1493 636 1554 quae
656 1475 798 1555 quideme
819 1477 872 1556 piis
888 1475 1063 1552 auctoribus,
1085 1493 1139 1536 noo
1153 1491 1221 1536 vero

163 1585 200 1646 ab
222 1583 366 1664 Apostolis
394 1585 547 1663 composita
577 1583 703 1660 luerunt,
732 1593 760 1644 et
787 1584 885 1664 quibus
913 1582 1088 1646 nihilomiuus
1110 1602 1125 1644 a
1147 1597 1220 1646 uon-

163 1693 249 1752 nullis
272 1691 435 1773 apostolica·
448 1692 528 1768 origo
550 1691 718 1754 tribuebatur
725 1711 735 1768 3
757 1710 782 1752 e.
804 1710 833 1769 g.
856 1692 1043 1773 Apoealypsis
1064 1691 1147 1752 Petri.

123 1795 465 1879 λόεον-ὁμολογούμενα
486 1799 606 1860 collocat
626 1807 741 1878 quatuor
761 1798 935 1878 Evangelia,
967 1808 1044 1860 aetus
1065 1798 1219 1879 Apostolo-

46 1923 120 1983 rum,
142 1907 357 1985 quatuordecim
379 1943 418 1954 -
440 1925 508 1985 ergo
537 1925 633 1968 omues
658 1939 697 1952 -
718 1906 793 1967 Pauli
821 1907 970 1987 epistolas,
1001 1908 1124 1984 quamvis
1157 1924 1219 1966 eum

45 2029 94 2073 nou
116 2014 224 2093 lugiet,
250 2015 398 2095 epistolam
422 2015 456 2077 ad
478 2014 621 2076 Hebraeos
643 2035 659 2076 a
688 2015 851 2094 quibusdam
880 2016 975 2094 rejici3
1005 2017 1116 2098 insuper
1143 2015 1219 2077 addit

44 2123 166 2197 pomam
180 2123 256 2184 Petri
278 2133 307 2184 et
328 2127 445 2204 primam
467 2124 580 2184 loannis
601 2125 757 2204 epistolum.
1223 2139 1225 2144 ’

121 2229 195 2293 luter
216 2229 452 2310 ἀναλεγόμενοι
473 2233 550 2312 ponit
570 2232 712 2313 epistolam
733 2233 847 2309 Jacobi,
875 2231 1025 2308 secundam
1048 2233 1142 2312 Petri,
1169 2253 1219 2296 se-

44 2336 154 2398 cundam
175 2349 206 2402 et
227 2321 470 2400 teutan'ioanois
491 2348 520 2400 et
541 2339 638 2402 iudae.

122 2447 197 2510 lnter
218 2445 312 2511 νόθα
332 2447 418 2508 relect
438 2448 516 2528 plura
543 2451 645 2531 scripta
676 2448 844 2529 apocrypha.
888 2450 1078 2531 Apocalypsin
1103 2451 1218 2512 Joaauis

44 2559 96 2614 tum
117 2553 400 2636 ὁμολογουμένοις,
422 2565 478 2616 tum
500 2553 613 2628 νόθοις
635 2558 750 2632 inserit,
781 2564 809 2616 et
834 2554 942 2634 quidem
972 2566 1115 2637 propterea
1145 2559 1217 2636 quod

46 2668 106 2722 tunc
125 2663 159 2724 lis
182 2665 219 2725 de
241 2663 323 2742 hujus
344 2663 404 2724 libri
426 2664 595 2741 geuuiuitate
616 2673 766 2724 exarserat.
1139 2665 1141 2672 “

121 2769 163 2833 lta
185 2790 232 2834 res
254 2790 287 2833 se
307 2770 401 2833 habuit
422 2791 512 2853 usque
533 2772 566 2834 ad
590 2769 740 2834 Concilium
763 2771 920 2834 Nicaenum.

578 3003 606 3070 i.
631 3005 681 3066 90.

434 3161 564 3224 naucula
583 3163 833 3238 circumscriptio.
873 3180 879 3186 ·

100 3309 103 3314 ’
122 3316 272 3398 Postquam
293 3319 377 3402 totius
398 3315 474 3379 orbis
496 3317 620 3396 episcopi
642 3319 671 3378 in
692 3313 818 3378 Concilio
835 3314 956 3378 Nicaeno
978 3295 1137 3377 traditiones
1150 3323 1217 3376 suas

42 3424 159 3488 invicem
180 3445 276 3488 seeum
300 3427 586 3502 communicaverant,
618 3427 709 3486 uariae
738 3424 774 3485 da
796 3423 907 3486 Gauone
935 3423 1121 3520 differentiae,
1140 3425 1215 3504 ‚quin

42 3549 176 3613 expresse
203 3535 268 3614 quid
301 3544 479 3610 statueretur,
516 3553 685 3602 evanescere
712 3544 877 3617 eoeperuut;
913 3536 1097 3615 paucissimae
1126 3542 1216 3596 tamen

43 3653 104 3705 suot
130 3646 325 3728 excipiendae,
355 3665 379 3706 e.
402 3664 444 3722 gr.
476 3645 511 3706 tle
533 3644 701 3724 Apocalypsi
732 3653 761 3705 et
790 3642 905 3725 epistola
927 3642 960 3703 ad
982 3641 1124 3704 llebraeos
1145 3661 1215 3704 eon-
1276 3724 1278 3727 Ι

43 3755 132 3816 tentio.
170 3755 219 3816 Sic
235 3753 352 3831 cyrillus
365 3753 635 3830 Hierosolymitanus
656 3755 683 3813 in
699 3751 810 3814 Ganooe
831 3769 883 3813 suo
903 3760 1013 3832 praeter
1027 3751 1214 3831 Apocalypsin

46 3874 137 3924 omues
170 3871 198 3924 et
226 3863 351 3944 singulos
381 3862 466 3923 libros
495 3871 606 3923 nostros
634 3870 788 3922 enumerat.
833 3860 920 3921 Plane
948 3859 1020 3920 idem
1049 3861 1169 3919 occurrit
1189 3861 1215 3919 iu

46 3964 157 4032 Conone
185 3968 300 4032 Consilii
330 3965 715 4044 Laodiceui'(364-370).
759 3970 813 4030 Ast
840 3969 874 4030 erl
902 3987 983 4030 unum
1012 3985 1110 4030 omnes
1130 3968 1215 4030 libros

43 4072 74 4135 N.
97 4078 128 4140 Τ.
152 4081 270 4142 continet
291 4076 386 4140 Cannu
409 4097 435 4141 s.
459 4077 613 4141 Athanasii.
658 4079 815 4141 solenniter
845 4097 871 4140 s.
894 4078 1021 4139 librorum
1044 4075 1136 4148 Canon
1159 4079 1217 4138 eir-

43 4190 224 4269 cumseriptus
246 4182 274 4250 et
295 4189 367 4248 linus
388 4189 439 4249 luit
459 4187 485 4250 iu
506 4192 584 4252 tertio
602 4187 732 4250 Concilio
755 4185 966 4267 Camhaginensi
989 4194 1031 4260 (a.
1047 4183 1140 4263 397),
1162 4204 1214 4265 qua

41 4298 189 4360 occasione
210 4299 293 4360 etiam
314 4315 339 4358 ι.
362 4299 539 4375 Augustinus
562 4298 737 4360 utilissimam
758 4299 866 4360 navavit
887 4313 1006 4376 operam.
1030 4293 1213 4358 luterlueruut
