3070 4940
472 449 709 512 iuteretl’aulun
726 449 873 514 laeoeat:
895 449 996 514 Paulas
1013 449 1070 534 dur·
1092 457 1189 530 potest
1206 452 1418 523 madeus
1436 467 1480 506 urr-

471 563 719 640 tturopotopicus,
741 561 770 622 lu.
785 581 811 622 e
826 559 1006 640 Euangeliou
1025 559 1150 638 ejusdem
1165 558 1301 622 iaudaur
1326 560 1358 618 iu
1381 556 1482 618 homine

473 671 629 749 peccatoria
651 669 753 732 Adonai
775 670 832 732 otio
852 672 943 748 gratia
963 669 1123 748 iudlgeute3
1152 667 1240 728 Lucu
1272 667 1307 728 id
1331 669 1428 745 ipsum
1447 665 1481 724 li-

470 779 575 838 atorice
595 781 770 859 prosequitur
790 789 818 841 ct
839 780 969 861 adpellari
984 781 1060 860 proin
1074 777 1159 839 debet
1169 783 1355 839 &summ
1370 780 1485 836 arrtlrro-

395 949 401 966 ,
469 892 640 966 poloplcua.

840 1052 869 1120 t.
890 1051 940 1115 23.
1038 1071 1043 1078 ·

486 1185 639 1257 mugeto
657 1198 682 1246 a
700 1185 801 1249 tuoto
820 1186 1002 1261 gmututtas,
1019 1185 1191 1261 mattas,
1208 1185 1300 1246 ties.

392 1325 417 1388 1.
441 1323 488 1386 Uti
512 1327 570 1402 jam
602 1326 775 1404 audivimus,
807 1328 977 1406 euangelista
1007 1329 1069 1408 ipse
1098 1329 1124 1388 in
1149 1325 1267 1386 Actibus
1303 1320 1358 1404 τῷ
1381 1319 1485 1404 πρώτῳ

304 1429 387 1514 λόγῳ
407 1435 596 1494 testimonium
618 1435 717 1496 reddit.
760 1435 819 1498 Nec
840 1439 952 1498 mmoris
974 1439 1104 1497 momenti
1134 1445 1178 1496 est
1206 1441 1417 1512 argumentum
1443 1435 1484 1487 is·

303 1552 438 1622 ternum,
460 1543 568 1604 scilicet
589 1544 739 1623 aequalitas
761 1546 838 1623 styli,
860 1545 1001 1606 doctrinae
1022 1553 1087 1621 etc,
1111 1563 1182 1624 quae
1203 1544 1361 1603 evidenter
1389 1549 1483 1599 utrun-

307 1669 361 1732 que
382 1651 482 1712 librum
503 1654 550 1713 uui
573 1652 715 1732 eidemque
736 1657 842 1716 auctori
864 1653 1023 1715 adscribere
1045 1656 1131 1731 cogit.
1181 1651 1269 1712 Porro
1293 1650 1380 1730 quod
1405 1650 1483 1712 attinet

306 1763 446 1834 maurium
475 1770 502 1822 et
532 1762 668 1841 iormam,
700 1765 771 1824 inter
800 1757 939 1824 auctorem
962 1765 1058 1824 lorum
1081 1761 1212 1822 librorum
1233 1769 1262 1820 et
1283 1760 1411 1854 Paulum
1434 1755 1480 1814 talis

304 1880 347 1933 est
369 1873 522 1949 connexio,
544 1889 616 1950 quac
637 1872 799 1955 discipulum
819 1882 848 1933 et
869 1875 999 1933 comitem
1022 1871 1150 1954 Apostoli
1177 1873 1274 1949 quavis
1299 1870 1369 1929 iere
1392 1867 1478 1948 pagini

304 1957 404 2062 prodit.
436 1959 515 2055 Quae
537 1992 697 2058 argumenta
719 2001 769 2063 per
790 1982 962 2044 traditionem
983 1980 1129 2048 Ecclesiae
1150 1997 1284 2059 nunquam
1310 1981 1479 2054 interruptas

306 2091 343 2150 ita
365 2089 582 2165 confirmantur,
604 2099 634 2151 ut
655 2090 739 2151 dubio
760 2092 838 2152 locus
862 2110 916 2154 uon
937 2091 1119 2169 relinquatur,
1142 2089 1333 2166 Evangelium
1357 2098 1477 2148 reueruu

305 2197 396 2275 Luca,
419 2198 558 2281 discipulo
579 2208 608 2260 ct
628 2208 765 2260 sectatore
786 2199 862 2262 Pauli
891 2203 1077 2284 conscriptum
1107 2209 1135 2260 et
1164 2201 1191 2260 iu
1216 2173 1355 2258 Ecclesia
1388 2198 1477 2268 integre

305 2315 500 2372 conservatum
523 2308 621 2369 luisse.
666 2306 744 2383 Quae
771 2311 993 2390 testimoniorum
1016 2310 1129 2370 firmitas
1158 2327 1242 2369 causa
1271 2307 1347 2384 iuit,
1380 2313 1411 2364 ut
1436 2301 1473 2360 hut

304 2415 484 2494 Evangelium
514 2419 597 2478 etiam
629 2419 718 2478 minus
745 2421 869 2510 caeteris
895 2421 1100 2499 impugnaretur
1127 2426 1154 2477 et
1184 2417 1366 2495 objectiones
1390 2413 1474 2474 adver-

306 2527 440 2587 sariorum
462 2511 571 2608 propria
592 2526 734 2588 debilitate
756 2537 888 2620 corquant,

332 2633 437 2697 Noto.
467 2635 544 2697 llaec
564 2645 724 2715 argumenta
745 2647 873 2720 respectu
897 2637 1006 2714 linguae
1027 2646 1165 2724 etfrerum
1184 2635 1393 2715 descriptarum
1415 2626 1469 2690 aul.

471 2746 525 2808 Ad,
547 2745 634 2808 lllaier
655 2747 717 2808 luse
748 2756 904 2812 tractantur.
947 2725 1117 2808 Novatorum
1146 2748 1258 2824 critica,
1290 2763 1370 2824 quae
1401 2739 1471 2803 omnir

469 2851 518 2915 ¹sus
547 2855 636 2934 deque
664 2859 748 2917 vertit
776 2866 857 2935 atque
886 2856 1020 2934 destruit,
1059 2858 1143 2917 etiam
1180 2855 1269 2918 Lucae
1299 2873 1357 2916 non
1388 2848 1470 2912 delui·

470 2963 560 3040 Quum
581 2967 644 3031 scil.
667 2965 802 3043 Veteres,
831 2983 931 3047 nempe
959 2949 1109 3059 luepaeus,
1142 2945 1326 3026 Tertullianus
1356 2970 1386 3023 et
1416 2956 1460 3036 Lp'

469 3074 604 3155 phanius,
628 3083 753 3151 nument,
775 3075 940 3137 Marcionem
956 3075 1138 3156 Evangelium
1160 3075 1250 3136 Lucae
1271 3070 1469 3136 circumcidisse

469 3203 519 3245 seu
548 3185 731 3262 deminuisse,
764 3188 826 3270 quin
858 3187 956 3263 edam,
988 3204 1058 3264 quae
1088 3204 1138 3266 per
1168 3183 1337 3245 llarcionem
1374 3183 1469 3256 dempta

470 3295 597 3371 luerunt,
626 3293 783 3372 indigitant:
816 3296 894 3355 istius
920 3297 1030 3356 critices
1059 3296 1188 3356 asseclae
1215 3291 1366 3355 Marcionis
1388 3289 1469 3352 Evau-

413 3473 418 3486 .
470 3405 572 3484 pelium
594 3422 646 3466 ceu
667 3422 734 3464 uere
755 3405 935 3485 apostolicum
957 3407 1128 3482 salutarunt,
1158 3406 1248 3467 Lucae
1269 3412 1362 3466 autem
1384 3401 1468 3463 lilrruffl

466 3498 600 3593 tauquam
621 3522 827 3594 corruptumst
847 3523 910 3596 post
932 3514 1126 3596 Apostolorum
1151 3517 1272 3596 tempora
1294 3515 1468 3593 conscriptum

469 3622 650 3704 respuerunt!
680 3618 746 3697 (sic
775 3623 1016 3686 Schlciermaclrer
1045 3607 1161 3705 ej'usque
1188 3624 1375 3706 pedissequi).
1413 3611 1465 3679 ‘Sui

369 3743 372 3750 ’
470 3733 535 3812 quid
565 3716 688 3795 dicamds
716 3734 751 3796 de
775 3725 854 3810 'tanta
883 3735 1069 3815 impudentia,
1099 3753 1170 3814 quae
1199 3737 1262 3795 sire
1289 3734 1341 3795 ulla
1371 3729 1467 3794 ratione

467 3849 589 3925 (praeter
609 3853 703 3905 notum
724 3844 810 3907 illud:
843 3845 892 3906 Sic
914 3827 993 3921 solo,
1023 3846 1066 3904 sic
1083 3844 1186 3922 jubeo)
1209 3853 1237 3906 et
1258 3852 1350 3906 contra
1372 3837 1465 3904 tirmit-

329 3973 338 3984 ·
468 3955 537 4014 sima
579 3963 736 4031 argumenta
778 3954 841 4014 tolia
880 3961 1000 4016 monstra
1030 3952 1142 4016 effutit?
1174 3954 1235 4015 lam
1265 3953 1300 4014 ol.
1323 3952 1465 4016 Olshauseu

468 4071 532 4141 apte
551 4061 703 4144 respoudit.

384 4169 415 4232 2.
438 4167 625 4249 iutegritatem
646 4173 719 4252 quod
742 4173 859 4250 attinet,
889 4172 978 4234 dees
998 4189 1134 4252 uunquam
1155 4175 1229 4235 serio
1250 4171 1397 4234 dubitatum
1417 4169 1460 4234 sil

303 4281 357 4348 nisi
379 4281 450 4344 torte
471 4283 594 4365 excipias
615 4281 756 4345 delectum
779 4299 874 4346 earum
896 4301 1004 4361 reram,
1027 4299 1097 4362 quae
1124 4281 1218 4345 ldattlr.
1234 4278 1301 4362 (14,
1318 4271 1461 4342 au-ti)
