3070 4940
1215 341 1257 418 ct

16 529 18 564 ³
78 519 148 600 Eius
176 517 248 581 inter
277 503 448 599 discipulos,
478 531 560 595 quam
582 513 723 594 ‘diligabat
750 513 833 576 tana
852 515 891 574 'et
919 513 966 592 qui
998 513 1026 574 iu
1054 520 1167 594 pectore
1196 512 1257 588 alana

16 639 20 676 ¹
77 628 229 705 recubuit,
258 618 432 709 potissimum
458 632 517 686 erat
545 625 905 706 penetraleamyoteriaet
926 622 1035 684 evolare
1058 621 1095 685 ad
1114 619 1256 700 sublimia,

80 738 154 799 unde
183 755 232 818 per
258 729 432 799 eminentiam
460 752 477 795 a
504 732 652 796 Veteribus
680 731 698 796 ὀ
724 729 880 812 θεόλογος
899 733 1112 811 cognominatum
1142 740 1195 810 est.
1216 763 1257 778 -
1320 794 1323 799 ,

79 847 177 910 Priora
197 845 354 925 Evangelia
372 847 432 923 iam
455 847 483 906 in
505 845 624 906 omnium
645 841 772 906 manibus
793 851 887 919 erant,
917 851 945 904 et
969 859 1023 904 uon
1045 850 1103 904 erat
1116 857 1258 906 neceam-

77 959 151 1020 rium
173 965 238 1018 nota
261 965 403 1037 repetere,
434 954 485 1016 sed
508 957 602 1034 ignota
624 954 738 1030 testari3
767 954 918 1034 praecipue
938 950 1050 1014 falsam‘
1060 949 1257 1033 philosophiam

65 1068 282 1130 'baereticorum
313 1085 362 1148 per
398 1083 482 1128 rarae
512 1065 648 1126 scientiae
677 1062 770 1124 lamen
805 1063 912 1140 fugare.
940 1095 980 1108 -
1011 1053 1162 1124 Consilium
1182 1077 1257 1128 ,veno

16 1161 24 1206 ¹
75 1177 271 1254 evangelistae
299 1176 327 1235 in
357 1173 412 1236 boc
441 1182 518 1251 erat,
551 1181 580 1234 ut
607 1171 689 1234 fidem
720 1175 750 1234 iu
778 1169 875 1256 Jespam
904 1169 1044 1234 Christum
1072 1169 1172 1232 Filium
1193 1169 1257 1245 Dei,

77 1288 186 1349 iontem
209 1286 300 1361 vitae,
337 1284 529 1361 conlirmarct;
564 1291 593 1343 ct
612 1280 755 1361 quomodo
777 1279 833 1342 hoo
853 1281 950 1342 melina
976 1287 1145 1362 praestaret,
1175 1295 1257 1358 quam

16 1433 18 1436 -
77 1395 210 1474 eligendo
232 1394 304 1456 iacta
333 1401 361 1453 et
389 1393 537 1474 praecipue
568 1391 650 1453 rerba
672 1389 795 1467 Domini,
825 1407 895 1470 quae
925 1389 996 1452 banc
1023 1390 1166 1452 tentatam
1194 1387 1257 1451 luca

16 1541 18 1568 l
77 1506 227 1566 clariorem
246 1499 417 1564 redderent?
1063 1519 1066 1524 ¹

121 1647 215 1703 Noto.
245 1638 431 1736 Pulcherrima
452 1657 475 1699 a.
498 1638 617 1700 loannes
638 1640 755 1718 ejusque
778 1636 812 1700 ad
834 1639 939 1720 priores
958 1637 1143 1714 evangelistas
1162 1634 1257 1697 relatio

245 1766 309 1810 as.
331 1751 508 1822 Aopoattoo
529 1748 701 1816 describitur.
745 1745 874 1826 „caeteri
905 1756 961 1808 tres
982 1745 1173 1825 evangelistae
1193 1753 1258 1806 tan—
1375 1752 1379 1762 ’

246 1874 327 1936 quam
349 1876 411 1920 cum
435 1857 545 1921 bomine
566 1858 694 1920 Domino·
707 1860 735 1920 in
758 1866 830 1918 terra
852 1855 1041 1932 ambulabant,
1070 1863 1109 1916 et·
1124 1846 1160 1914 de
1180 1852 1257 1914 diui-

246 1969 330 2028 nitate
356 1968 417 2044 ejus
447 1983 535 2048 pauca
566 1968 690 2030 dixerunt
697 1985 706 2044 3
742 1969 825 2028 istum
854 1974 946 2028 autem
978 1965 1056 2044 quasi
1084 1964 1202 2044 piguerit
1229 1963 1257 2023 ln

209 2147 215 2158 Ι
245 2086 317 2138 terna
349 2076 505 2154 ambulare,
541 2078 712 2157 sicutipse
742 2074 857 2138 exordio
890 2075 937 2136 aui
962 2074 1101 2136 sermonis
1131 2074 1256 2148 inwnuit,

217 2253 220 2261 ,
247 2188 337 2247 erexit
357 2204 390 2248 se
411 2203 465 2247 non
487 2186 578 2247 'solum
600 2203 682 2268 snper
703 2195 823 2263 terram,
852 2185 902 2246 sed
931 2203 1015 2266 super
1043 2199 1150 2245 omnem
1172 2182 1257 2244 etiam

246 2297 399 2358 exercitum
421 2295 580 2374 angelorum
605 2340 739 2359 .....
782 2293 842 2388 lion
871 2296 944 2356 enim
966 2293 1026 2355 sine
1047 2311 1132 2354 cansa
1155 2290 1190 2352 de
1211 2291 1257 2352 illo

248 2409 274 2469 in
303 2409 357 2468 isto
387 2407 449 2488 ipso
470 2404 620 2484 Evangelio
642 2413 785 2484 narratur,
819 2407 882 2484 quia
911 2413 939 2466 et
968 2405 994 2466 in
1022 2405 1151 2466 convivio
1173 2419 1258 2483 super

248 2515 473 2598 pectus-Domini
495 2515 700 2579 discumbebat.
743 2514 788 2577 De
809 2515 854 2576 illo
876 2531 944 2598 ergo
964 2522 1077 2596 pectore
1097 2514 1124 2574 in
1144 2519 1257 2574 secreto

246 2626 331 2702 bibit,
353 2628 379 2687 in
401 2624 550 2702 manifesto
572 2626 704 2686 eructavit
728 2670 734 2686 .
761 2669 769 2684 .
794 2669 801 2684 .
841 2624 942 2702 Aquila
969 2627 1031 2706 ipse
1058 2631 1103 2685 est
1123 2621 1256 2703 loannes,

249 2733 412 2796 sublimium
426 2733 600 2817 praedicator
619 2743 648 2795 et
668 2734 738 2794 lucis
758 2736 880 2795 internae
895 2744 924 2796 et
943 2741 1075 2796 externae
1087 2733 1151 2796 lixis
1167 2733 1256 2795 oeulis

248 2847 467 2926 contemplatori
489 2853 543 2905 etc.
577 2842 685 2922 (Tract.
715 2846 741 2904 in
761 2843 859 2905 ,loanm
882 2841 1014 2905 xxxvi.
1037 2861 1098 2905 nro.
1123 2841 1178 2920 l.).
1222 2843 1258 2905 Et

245 2973 269 3016 a.
297 2958 537 3036 chrysostomus
558 2952 670 3026 (homil.
690 2955 717 3013 ln
731 2952 830 3018 loann.
850 2949 893 3028 l.)
915 2954 999 3016 dicit:
1023 2951 1139 3032 ,Totum
1155 2955 1257 3037 quippe

246 3049 427 3126 Orbem'hoc
448 3063 567 3125 clamore
588 3065 751 3146 occupavit,
780 3062 1003 3146 comprehendit,
1034 3064 1172 3148 implevit,
1203 3082 1257 3126 non
1356 3042 1358 3048 ¹

193 3226 202 3248 ,
247 3174 374 3236 clamoris
404 3173 610 3252 magnitudine,
635 3173 696 3254 ‚aed
719 3174 832 3252 linguae
858 3192 893 3236 ex
919 3173 1028 3235 divinae
1056 3175 1161 3254 gratiae
1182 3182 1256 3236 motu

244 3282 384 3361 loquente.
429 3283 564 3362 Quodque
585 3284 684 3344 mirum
705 3291 766 3359 est,
793 3291 884 3344 tantm
906 3283 955 3346 illc
975 3283 1081 3346 clamor
1099 3301 1155 3346 nou
1176 3301 1256 3364 asper

244 3401 306 3469 est,
334 3411 389 3454 non
420 3395 560 3469 insuauia,
587 3393 638 3456 aad
667 3396 742 3455 omni
768 3395 872 3455 musica
901 3393 1039 3456 harmonia
1060 3394 1209 3471 jucundior
1228 3401 1256 3456 et

245 3501 521 3564 desiderabilior...
545 3499 597 3563 Eat
617 3502 654 3563 illi
675 3504 850 3584 proscenium
871 3511 958 3565 tntum
980 3505 1098 3582 coelum,
1119 3504 1255 3566 theatrum

246 3609 349 3689 Orbis,
372 3621 548 3693 spectatores
570 3622 598 3673 et
619 3611 757 3674 auditores
779 3631 877 3674 omues
900 3613 1008 3692 angeli,
1031 3623 1059 3674 et
1080 3633 1115 3676 ex
1136 3614 1257 3676 homini-

244 3719 298 3781 bus
319 3729 454 3804 quotquot
475 3723 568 3802 angeli
589 3730 653 3785 sunt
673 3731 720 3784 aut
740 3723 799 3784 lieri
822 3725 959 3805 cupiunt.“
1118 3723 1121 3732 ’

615 3944 642 4011 t.
666 3939 715 4004 32.
812 3949 829 4014 ’.

215 4101 335 4160 sumana
351 4100 533 4162 lineamenta
549 4101 723 4162 barmoniae
742 4102 871 4175 quatuor
886 4101 1120 4186 mangenarum,

163 4249 190 4312 l.
214 4253 315 4314 Sancta
337 4253 509 4333 Evangelia,
542 4272 707 4336 quamquam
729 4273 842 4318 numero
857 4265 1061 4356 sunt-quatuor
1081 4265 1110 4316 et
1131 4257 1252 4319 extemis

70 4361 243 4424 differentiis
272 4363 421 4440 madncm3
457 4381 488 4424 re
514 4372 607 4440 tamen
639 4379 704 4426 vera
728 4383 813 4427 unum
842 4381 911 4448 opua
932 4365 1054 4428 alimmum
1072 4367 1252 4444 constituunt,
