<?xml version="1.0" encoding="UTF-8"?>
<!DOCTYPE html PUBLIC "-//W3C//DTD XHTML 1.0 Transitional//EN"
    "http://www.w3.org/TR/xhtml1/DTD/xhtml1-transitional.dtd">
<html xmlns="http://www.w3.org/1999/xhtml" xml:lang="en" lang="en">
 <head>
  <title>
</title>
<meta http-equiv="Content-Type" content="text/html;charset=utf-8" />
  <meta name='ocr-system' content='tesseract 3.04.00' />
  <meta name='ocr-capabilities' content='ocr_page ocr_carea ocr_par ocr_line ocrx_word'/>
</head>
<body>
  <div class='ocr_page' id='page_1' title='image "./introductioinli00messgoog_0068.png"; bbox 0 0 3070 4940; ppageno 0'>
   <div class='ocr_carea' id='block_1_1' title="bbox 1234 285 1276 353">
    <p class='ocr_par' dir='ltr' id='par_1_1' title="bbox 1234 285 1276 353">
     <span class='ocr_line' id='line_1_1' title="bbox 1234 285 1276 353; baseline -0.024 0"><span class='ocrx_word' id='word_1_1' title='bbox 1234 285 1276 353; x_wconf 65' lang='lat' dir='ltr'><strong>bl</strong></span> 
     </span>
    </p>
   </div>
   <div class='ocr_carea' id='block_1_2' title="bbox 121 443 1377 1936">
    <p class='ocr_par' dir='ltr' id='par_1_2' title="bbox 121 443 1377 1069">
     <span class='ocr_line' id='line_1_2' title="bbox 265 443 1377 531; baseline 0.004 -23"><span class='ocrx_word' id='word_1_2' title='bbox 265 444 328 510; x_wconf 88' lang='lat' dir='ltr'><strong>alibi</strong></span> <span class='ocrx_word' id='word_1_3' title='bbox 349 445 486 527; x_wconf 79' lang='lat' dir='ltr'><strong>collocat3</strong></span> <span class='ocrx_word' id='word_1_4' title='bbox 509 467 530 508; x_wconf 88' lang='lat' dir='ltr'><strong>e</strong></span> <span class='ocrx_word' id='word_1_5' title='bbox 557 461 599 527; x_wconf 75' lang='lat' dir='ltr'><strong>gr.</strong></span> <span class='ocrx_word' id='word_1_6' title='bbox 622 465 693 529; x_wconf 86' lang='lat' dir='ltr'><strong>qnae</strong></span> <span class='ocrx_word' id='word_1_7' title='bbox 708 447 773 510; x_wconf 83' lang='lat' dir='ltr'><strong>buo.</strong></span> <span class='ocrx_word' id='word_1_8' title='bbox 797 465 859 531; x_wconf 86' lang='lat' dir='ltr'><strong>cup.</strong></span> <span class='ocrx_word' id='word_1_9' title='bbox 876 443 941 512; x_wconf 85' lang='lat' dir='ltr'><strong>llll.</strong></span> <span class='ocrx_word' id='word_1_10' title='bbox 962 448 1058 528; x_wconf 84' lang='lat' dir='ltr'><strong>babet,</strong></span> <span class='ocrx_word' id='word_1_11' title='bbox 1080 450 1275 530; x_wconf 79' lang='lat' dir='ltr'><strong>praedicationi</strong></span> <span class='ocrx_word' id='word_1_12' title='bbox 1372 471 1377 482; x_wconf 92' lang='lat'><strong>·</strong></span> 
     </span>
     <span class='ocr_line' id='line_1_3' title="bbox 121 542 1275 640; baseline 0.005 -25"><span class='ocrx_word' id='word_1_13' title='bbox 121 577 130 590; x_wconf 90' lang='lat'><strong>·</strong></span> <span class='ocrx_word' id='word_1_14' title='bbox 219 589 224 597; x_wconf 93' lang='lat'>-</span> <span class='ocrx_word' id='word_1_15' title='bbox 264 557 292 617; x_wconf 92' lang='lat' dir='ltr'><strong>in</strong></span> <span class='ocrx_word' id='word_1_16' title='bbox 315 542 416 618; x_wconf 64' lang='lat' dir='ltr'><strong>monte&#39;</strong></span> <span class='ocrx_word' id='word_1_17' title='bbox 430 557 565 634; x_wconf 73' lang='lat' dir='ltr'><strong>inseruitt</strong></span> <span class='ocrx_word' id='word_1_18' title='bbox 592 557 658 620; x_wconf 83' lang='lat' dir='ltr'><strong>buc.</strong></span> <span class='ocrx_word' id='word_1_19' title='bbox 685 557 721 620; x_wconf 88' lang='lat' dir='ltr'><strong>X.</strong></span> <span class='ocrx_word' id='word_1_20' title='bbox 744 560 866 620; x_wconf 87' lang='lat' dir='ltr'><strong>occurrit</strong></span> <span class='ocrx_word' id='word_1_21' title='bbox 891 560 920 620; x_wconf 95' lang='lat' dir='ltr'><strong>ln</strong></span> <span class='ocrx_word' id='word_1_22' title='bbox 941 543 1140 640; x_wconf 77' lang='lat' dir='ltr'><strong>Apostolorum</strong></span> <span class='ocrx_word' id='word_1_23' title='bbox 1162 561 1275 623; x_wconf 88' lang='lat' dir='ltr'><strong>institu-</strong></span> 
     </span>
     <span class='ocr_line' id='line_1_4' title="bbox 220 663 1109 741; baseline 0.01 -16"><span class='ocrx_word' id='word_1_24' title='bbox 220 665 223 673; x_wconf 91' lang='lat'>&#39;</span> <span class='ocrx_word' id='word_1_25' title='bbox 262 665 353 741; x_wconf 87' lang='lat' dir='ltr'><strong>tionc;</strong></span> <span class='ocrx_word' id='word_1_26' title='bbox 374 663 515 728; x_wconf 68' lang='lat' dir='ltr'><strong>chelium</strong></span> <span class='ocrx_word' id='word_1_27' title='bbox 537 667 604 728; x_wconf 83' lang='lat' dir='ltr'><strong>buc.</strong></span> <span class='ocrx_word' id='word_1_28' title='bbox 628 667 703 730; x_wconf 83' lang='lat' dir='ltr'><strong>xlv.</strong></span> <span class='ocrx_word' id='word_1_29' title='bbox 725 677 754 731; x_wconf 85' lang='lat' dir='ltr'><strong>ct</strong></span> <span class='ocrx_word' id='word_1_30' title='bbox 774 667 872 730; x_wconf 80' lang='lat' dir='ltr'><strong>lluttb.</strong></span> <span class='ocrx_word' id='word_1_31' title='bbox 896 667 1109 734; x_wconf 38' lang='lat' dir='ltr'><strong>xxti-mxxi.</strong></span> 
     </span>
     <span class='ocr_line' id='line_1_5' title="bbox 159 772 1351 858; baseline 0.004 -25"><span class='ocrx_word' id='word_1_32' title='bbox 159 773 189 846; x_wconf 81' lang='lat' dir='ltr'><strong>bl</strong></span> <span class='ocrx_word' id='word_1_33' title='bbox 219 772 278 834; x_wconf 88' lang='lat' dir='ltr'><strong>Neo</strong></span> <span class='ocrx_word' id='word_1_34' title='bbox 307 775 397 836; x_wconf 93' lang='lat' dir='ltr'><strong>minor</strong></span> <span class='ocrx_word' id='word_1_35' title='bbox 423 785 466 836; x_wconf 92' lang='lat' dir='ltr'><strong>est</strong></span> <span class='ocrx_word' id='word_1_36' title='bbox 497 779 674 839; x_wconf 72' lang='lat' dir='ltr'><strong>consonantia</strong></span> <span class='ocrx_word' id='word_1_37' title='bbox 695 783 787 840; x_wconf 82' lang='lat' dir='ltr'><strong>eirca</strong></span> <span class='ocrx_word' id='word_1_38' title='bbox 807 776 973 854; x_wconf 65' lang='lat' dir='ltr'><strong>&#39;formum</strong></span> <span class='ocrx_word' id='word_1_39' title='bbox 1003 777 1048 840; x_wconf 92' lang='lat' dir='ltr'><strong>ubi</strong></span> <span class='ocrx_word' id='word_1_40' title='bbox 1076 779 1147 840; x_wconf 90' lang='lat' dir='ltr'><strong>enim</strong></span> <span class='ocrx_word' id='word_1_41' title='bbox 1174 776 1271 840; x_wconf 81' lang='lat' dir='ltr'><strong>cadem</strong></span> <span class='ocrx_word' id='word_1_42' title='bbox 1327 805 1351 858; x_wconf 43' lang='grc'><strong>,-</strong></span> 
     </span>
     <span class='ocr_line' id='line_1_6' title="bbox 214 884 1272 968; baseline 0.004 -24"><span class='ocrx_word' id='word_1_43' title='bbox 214 891 347 960; x_wconf 86' lang='lat' dir='ltr'><strong>&#39;nanant,</strong></span> <span class='ocrx_word' id='word_1_44' title='bbox 368 884 437 946; x_wconf 89' lang='lat' dir='ltr'><strong>haec</strong></span> <span class='ocrx_word' id='word_1_45' title='bbox 457 887 618 968; x_wconf 86' lang='lat' dir='ltr'><strong>plerumque</strong></span> <span class='ocrx_word' id='word_1_46' title='bbox 639 889 722 950; x_wconf 87' lang='lat' dir='ltr'><strong>etiam</strong></span> <span class='ocrx_word' id='word_1_47' title='bbox 738 895 842 950; x_wconf 82' lang='lat' dir='ltr'><strong>cortem</strong></span> <span class='ocrx_word' id='word_1_48' title='bbox 858 893 946 950; x_wconf 79' lang='lat' dir='ltr'><strong>morto</strong></span> <span class='ocrx_word' id='word_1_49' title='bbox 962 895 1066 950; x_wconf 83' lang='lat' dir='ltr'><strong>etnim</strong></span> <span class='ocrx_word' id='word_1_50' title='bbox 1085 905 1149 950; x_wconf 89' lang='lat' dir='ltr'><strong>raro</strong></span> <span class='ocrx_word' id='word_1_51' title='bbox 1165 891 1272 949; x_wconf 56' lang='lat' dir='ltr'><strong>&amp;dum</strong></span> 
     </span>
     <span class='ocr_line' id='line_1_7' title="bbox 216 969 583 1069; baseline 0.014 -17"><span class='ocrx_word' id='word_1_52' title='bbox 216 969 319 1069; x_wconf 79' lang='lat' dir='ltr'><strong>pacate</strong></span> <span class='ocrx_word' id='word_1_53' title='bbox 340 997 442 1054; x_wconf 62' lang='lat' dir='ltr'><strong>curua</strong></span> <span class='ocrx_word' id='word_1_54' title='bbox 462 1005 583 1057; x_wconf 90' lang='lat' dir='ltr'><strong>narrant.</strong></span> 
     </span>
    </p>

    <p class='ocr_par' dir='ltr' id='par_1_3' title="bbox 134 1098 1270 1842">
     <span class='ocr_line' id='line_1_8' title="bbox 134 1098 1270 1199; baseline 0.003 -38"><span class='ocrx_word' id='word_1_55' title='bbox 134 1105 230 1162; x_wconf 86' lang='lat' dir='ltr'><strong>Nota.</strong></span> <span class='ocrx_word' id='word_1_56' title='bbox 260 1098 443 1199; x_wconf 70' lang='lat' dir='ltr'><strong>Conseruntur</strong></span> <span class='ocrx_word' id='word_1_57' title='bbox 463 1107 630 1166; x_wconf 70' lang='lat' dir='ltr'><strong>narrationes</strong></span> <span class='ocrx_word' id='word_1_58' title='bbox 652 1106 687 1168; x_wconf 91' lang='lat' dir='ltr'><strong>de</strong></span> <span class='ocrx_word' id='word_1_59' title='bbox 709 1115 872 1188; x_wconf 75' lang='lat' dir='ltr'><strong>tempestato</strong></span> <span class='ocrx_word' id='word_1_60' title='bbox 900 1108 928 1168; x_wconf 91' lang='lat' dir='ltr'><strong>in</strong></span> <span class='ocrx_word' id='word_1_61' title='bbox 958 1108 1043 1182; x_wconf 90' lang='lat' dir='ltr'><strong>mari,</strong></span> <span class='ocrx_word' id='word_1_62' title='bbox 1081 1105 1118 1166; x_wconf 79' lang='lat' dir='ltr'><strong>na</strong></span> <span class='ocrx_word' id='word_1_63' title='bbox 1143 1104 1270 1166; x_wconf 81' lang='lat' dir='ltr'><strong>obsessis</strong></span> 
     </span>
     <span class='ocr_line' id='line_1_9' title="bbox 261 1209 1269 1296; baseline 0.001 -23"><span class='ocrx_word' id='word_1_64' title='bbox 261 1209 422 1289; x_wconf 81' lang='lat' dir='ltr'><strong>(induraris,</strong></span> <span class='ocrx_word' id='word_1_65' title='bbox 443 1212 478 1275; x_wconf 79' lang='lat' dir='ltr'><strong>ule</strong></span> <span class='ocrx_word' id='word_1_66' title='bbox 499 1215 645 1296; x_wconf 67' lang='lat' dir='ltr'><strong>paralytici</strong></span> <span class='ocrx_word' id='word_1_67' title='bbox 666 1217 819 1292; x_wconf 86' lang='lat' dir='ltr'><strong>sanatione,</strong></span> <span class='ocrx_word' id='word_1_68' title='bbox 840 1215 876 1276; x_wconf 79' lang='lat' dir='ltr'><strong>tle</strong></span> <span class='ocrx_word' id='word_1_69' title='bbox 896 1215 1014 1276; x_wconf 80' lang='lat' dir='ltr'><strong>muliere</strong></span> <span class='ocrx_word' id='word_1_70' title='bbox 1034 1214 1109 1276; x_wconf 87' lang='lat' dir='ltr'><strong>llurru</strong></span> <span class='ocrx_word' id='word_1_71' title='bbox 1128 1215 1269 1292; x_wconf 73' lang='lat' dir='ltr'><strong>sanguinis</strong></span> 
     </span>
     <span class='ocr_line' id='line_1_10' title="bbox 259 1321 1269 1404; baseline 0.002 -22"><span class='ocrx_word' id='word_1_72' title='bbox 259 1321 397 1383; x_wconf 85' lang='lat' dir='ltr'><strong>laborante</strong></span> <span class='ocrx_word' id='word_1_73' title='bbox 418 1324 526 1384; x_wconf 83' lang='lat' dir='ltr'><strong>sanitati</strong></span> <span class='ocrx_word' id='word_1_74' title='bbox 548 1327 688 1402; x_wconf 88' lang='lat' dir='ltr'><strong>restituta,</strong></span> <span class='ocrx_word' id='word_1_75' title='bbox 719 1324 754 1386; x_wconf 86' lang='lat' dir='ltr'><strong>de</strong></span> <span class='ocrx_word' id='word_1_76' title='bbox 782 1325 874 1404; x_wconf 88' lang='lat' dir='ltr'><strong>puella</strong></span> <span class='ocrx_word' id='word_1_77' title='bbox 903 1333 1008 1388; x_wconf 87' lang='lat' dir='ltr'><strong>mortun</strong></span> <span class='ocrx_word' id='word_1_78' title='bbox 1030 1323 1057 1385; x_wconf 83' lang='lat' dir='ltr'><strong>ir&#39;r</strong></span> <span class='ocrx_word' id='word_1_79' title='bbox 1078 1326 1162 1386; x_wconf 81' lang='lat' dir='ltr'><strong>uitam</strong></span> <span class='ocrx_word' id='word_1_80' title='bbox 1183 1340 1269 1384; x_wconf 88' lang='lat' dir='ltr'><strong>reuo-</strong></span> 
     </span>
     <span class='ocr_line' id='line_1_11' title="bbox 256 1419 1267 1514; baseline 0.001 -24"><span class='ocrx_word' id='word_1_81' title='bbox 256 1437 335 1507; x_wconf 87' lang='lat' dir='ltr'><strong>euta,</strong></span> <span class='ocrx_word' id='word_1_82' title='bbox 365 1430 400 1491; x_wconf 86' lang='lat' dir='ltr'><strong>de</strong></span> <span class='ocrx_word' id='word_1_83' title='bbox 430 1419 513 1494; x_wconf 77' lang='lat'><strong>5000</strong></span> <span class='ocrx_word' id='word_1_84' title='bbox 540 1435 603 1498; x_wconf 88' lang='lat' dir='ltr'><strong>cibo</strong></span> <span class='ocrx_word' id='word_1_85' title='bbox 633 1434 753 1495; x_wconf 86' lang='lat' dir='ltr'><strong>reiectis.</strong></span> <span class='ocrx_word' id='word_1_86' title='bbox 798 1433 921 1513; x_wconf 81' lang='lat' dir='ltr'><strong>Simplex</strong></span> <span class='ocrx_word' id='word_1_87' title='bbox 949 1433 1189 1514; x_wconf 82' lang='lat' dir='ltr'><strong>repetitioulique</strong></span> <span class='ocrx_word' id='word_1_88' title='bbox 1210 1449 1267 1492; x_wconf 93' lang='lat' dir='ltr'><strong>non</strong></span> 
     </span>
     <span class='ocr_line' id='line_1_12' title="bbox 257 1540 1267 1622; baseline 0.002 -24"><span class='ocrx_word' id='word_1_89' title='bbox 257 1540 408 1617; x_wconf 86' lang='lat' dir='ltr'><strong>invenitur,</strong></span> <span class='ocrx_word' id='word_1_90' title='bbox 429 1549 503 1604; x_wconf 90' lang='lat' dir='ltr'><strong>tanta</strong></span> <span class='ocrx_word' id='word_1_91' title='bbox 526 1561 591 1604; x_wconf 85' lang='lat' dir='ltr'><strong>uero</strong></span> <span class='ocrx_word' id='word_1_92' title='bbox 612 1552 657 1605; x_wconf 89' lang='lat' dir='ltr'><strong>est</strong></span> <span class='ocrx_word' id='word_1_93' title='bbox 676 1543 814 1606; x_wconf 83' lang='lat' dir='ltr'><strong>scribendi</strong></span> <span class='ocrx_word' id='word_1_94' title='bbox 832 1541 1031 1620; x_wconf 69' lang='lat' dir='ltr'><strong>maternitas,</strong></span> <span class='ocrx_word' id='word_1_95' title='bbox 1053 1551 1087 1602; x_wconf 85' lang='lat' dir='ltr'><strong>ut¹</strong></span> <span class='ocrx_word' id='word_1_96' title='bbox 1102 1559 1200 1622; x_wconf 82' lang='lat' dir='ltr'><strong>reapse</strong></span> <span class='ocrx_word' id='word_1_97' title='bbox 1221 1542 1267 1601; x_wconf 93' lang='lat' dir='ltr'><strong>in-</strong></span> 
     </span>
     <span class='ocr_line' id='line_1_13' title="bbox 256 1650 1267 1728; baseline 0.004 -21"><span class='ocrx_word' id='word_1_98' title='bbox 256 1650 385 1709; x_wconf 90' lang='lat' dir='ltr'><strong>sanientis</strong></span> <span class='ocrx_word' id='word_1_99' title='bbox 406 1659 493 1728; x_wconf 85' lang='lat' dir='ltr'><strong>esset,</strong></span> <span class='ocrx_word' id='word_1_100' title='bbox 516 1661 615 1714; x_wconf 87' lang='lat' dir='ltr'><strong>cuncta</strong></span> <span class='ocrx_word' id='word_1_101' title='bbox 636 1655 713 1714; x_wconf 86' lang='lat' dir='ltr'><strong>casui</strong></span> <span class='ocrx_word' id='word_1_102' title='bbox 734 1652 864 1715; x_wconf 87' lang='lat' dir='ltr'><strong>tribucre.</strong></span> <span class='ocrx_word' id='word_1_103' title='bbox 897 1651 973 1717; x_wconf 86' lang='lat' dir='ltr'><strong>llaec</strong></span> <span class='ocrx_word' id='word_1_104' title='bbox 994 1654 1174 1714; x_wconf 71' lang='lat' dir='ltr'><strong>normania</strong></span> <span class='ocrx_word' id='word_1_105' title='bbox 1195 1668 1267 1712; x_wconf 89' lang='lat' dir='ltr'><strong>nan-</strong></span> 
     </span>
     <span class='ocr_line' id='line_1_14' title="bbox 256 1757 1262 1842; baseline 0.003 -23"><span class='ocrx_word' id='word_1_106' title='bbox 256 1775 392 1836; x_wconf 79' lang='lat' dir='ltr'><strong>nunquam</strong></span> <span class='ocrx_word' id='word_1_107' title='bbox 413 1759 448 1820; x_wconf 85' lang='lat' dir='ltr'><strong>ud</strong></span> <span class='ocrx_word' id='word_1_108' title='bbox 469 1761 579 1839; x_wconf 82' lang='lat' dir='ltr'><strong>singula</strong></span> <span class='ocrx_word' id='word_1_109' title='bbox 599 1779 688 1842; x_wconf 86' lang='lat' dir='ltr'><strong>eaque</strong></span> <span class='ocrx_word' id='word_1_110' title='bbox 709 1764 811 1824; x_wconf 88' lang='lat' dir='ltr'><strong>rariora</strong></span> <span class='ocrx_word' id='word_1_111' title='bbox 832 1757 970 1826; x_wconf 75' lang='lat' dir='ltr'><strong>stantun</strong></span> <span class='ocrx_word' id='word_1_112' title='bbox 991 1761 1157 1837; x_wconf 69' lang='lat' dir='ltr'><strong>extuditor,</strong></span> <span class='ocrx_word' id='word_1_113' title='bbox 1179 1778 1205 1821; x_wconf 88' lang='lat' dir='ltr'><strong>c.</strong></span> <span class='ocrx_word' id='word_1_114' title='bbox 1219 1777 1262 1838; x_wconf 73' lang='lat' dir='ltr'><strong>gr.</strong></span> 
     </span>
    </p>

    <p class='ocr_par' dir='ltr' id='par_1_4' title="bbox 171 1855 1265 1936">
     <span class='ocr_line' id='line_1_15' title="bbox 171 1855 1265 1936; baseline 0.002 -8"><span class='ocrx_word' id='word_1_115' title='bbox 171 1869 174 1876; x_wconf 90' lang='grc'><strong><em>’</em></strong></span> <span class='ocrx_word' id='word_1_116' title='bbox 255 1855 466 1930; x_wconf 79' lang='lat' dir='ltr'><strong>n&#39;adlrrtennts</strong></span> <span class='ocrx_word' id='word_1_117' title='bbox 485 1872 594 1932; x_wconf 77' lang='lat' dir='ltr'><strong>uorlstb</strong></span> <span class='ocrx_word' id='word_1_118' title='bbox 615 1880 669 1932; x_wconf 88' lang='lat' dir='ltr'><strong>ato.</strong></span> <span class='ocrx_word' id='word_1_119' title='bbox 714 1869 858 1934; x_wconf 65' lang='lat' dir='ltr'><strong>&amp;elerum</strong></span> <span class='ocrx_word' id='word_1_120' title='bbox 886 1868 994 1934; x_wconf 82' lang='lat' dir='ltr'><strong>ttarcna</strong></span> <span class='ocrx_word' id='word_1_121' title='bbox 1016 1869 1154 1936; x_wconf 81' lang='lat' dir='ltr'><strong>blattlmeo</strong></span> <span class='ocrx_word' id='word_1_122' title='bbox 1178 1869 1265 1932; x_wconf 93' lang='lat' dir='ltr'><strong>multo</strong></span> 
     </span>
    </p>
   </div>
   <div class='ocr_carea' id='block_1_3' title="bbox 84 1978 1261 2513">
    <p class='ocr_par' dir='ltr' id='par_1_5' title="bbox 84 1978 1261 2513">
     <span class='ocr_line' id='line_1_16' title="bbox 252 1978 668 2060; baseline 0.005 -22"><span class='ocrx_word' id='word_1_123' title='bbox 252 1979 363 2060; x_wconf 90' lang='lat' dir='ltr'><strong>propior</strong></span> <span class='ocrx_word' id='word_1_124' title='bbox 383 1986 444 2055; x_wconf 91' lang='lat' dir='ltr'><strong>est,</strong></span> <span class='ocrx_word' id='word_1_125' title='bbox 467 1997 549 2058; x_wconf 82' lang='lat' dir='ltr'><strong>quam</strong></span> <span class='ocrx_word' id='word_1_126' title='bbox 570 1978 668 2042; x_wconf 87' lang='lat' dir='ltr'><strong>Lucus.</strong></span> 
     </span>
     <span class='ocr_line' id='line_1_17' title="bbox 168 2083 1261 2178; baseline 0.005 -33"><span class='ocrx_word' id='word_1_127' title='bbox 168 2083 197 2146; x_wconf 74' lang='lat' dir='ltr'><strong>t.</strong></span> <span class='ocrx_word' id='word_1_128' title='bbox 220 2085 277 2147; x_wconf 82' lang='lat' dir='ltr'><strong>Saul</strong></span> <span class='ocrx_word' id='word_1_129' title='bbox 297 2093 327 2178; x_wconf 81' lang='lat' dir='ltr'><strong>et</strong></span> <span class='ocrx_word' id='word_1_130' title='bbox 347 2087 547 2166; x_wconf 56' lang='lat' dir='ltr'><strong>wambae</strong></span> <span class='ocrx_word' id='word_1_131' title='bbox 568 2090 685 2168; x_wconf 80' lang='lat' dir='ltr'><strong>adsunt,</strong></span> <span class='ocrx_word' id='word_1_132' title='bbox 707 2107 796 2170; x_wconf 79' lang='lat' dir='ltr'><strong>quae,</strong></span> <span class='ocrx_word' id='word_1_133' title='bbox 828 2090 953 2170; x_wconf 85' lang='lat' dir='ltr'><strong>quumvis</strong></span> <span class='ocrx_word' id='word_1_134' title='bbox 975 2090 1261 2166; x_wconf 80' lang='lat' dir='ltr'><strong>consonantiamnon</strong></span> 
     </span>
     <span class='ocr_line' id='line_1_18' title="bbox 84 2171 1179 2275; baseline 0.009 -19"><span class='ocrx_word' id='word_1_135' title='bbox 84 2204 235 2275; x_wconf 90' lang='lat' dir='ltr'><strong>superant,</strong></span> <span class='ocrx_word' id='word_1_136' title='bbox 258 2203 349 2257; x_wconf 91' lang='lat' dir='ltr'><strong>tamen</strong></span> <span class='ocrx_word' id='word_1_137' title='bbox 371 2206 417 2257; x_wconf 89' lang='lat' dir='ltr'><strong>sat</strong></span> <span class='ocrx_word' id='word_1_138' title='bbox 437 2198 653 2260; x_wconf 85' lang='lat' dir='ltr'><strong>considerabiles</strong></span> <span class='ocrx_word' id='word_1_139' title='bbox 675 2208 748 2261; x_wconf 91' lang='lat' dir='ltr'><strong>sunt.</strong></span> <span class='ocrx_word' id='word_1_140' title='bbox 1175 2171 1179 2182; x_wconf 85' lang='lat'>.</span> 
     </span>
     <span class='ocr_line' id='line_1_19' title="bbox 148 2303 1261 2392; baseline 0.004 -26"><span class='ocrx_word' id='word_1_141' title='bbox 148 2325 173 2366; x_wconf 83' lang='lat' dir='ltr'><strong>a.</strong></span> <span class='ocrx_word' id='word_1_142' title='bbox 205 2303 285 2370; x_wconf 83' lang='lat' dir='ltr'><strong>Circa</strong></span> <span class='ocrx_word' id='word_1_143' title='bbox 306 2309 581 2386; x_wconf 73' lang='lat' dir='ltr'><strong>nonnumquam</strong></span> <span class='ocrx_word' id='word_1_144' title='bbox 601 2308 996 2392; x_wconf 79' lang='lat' dir='ltr'><strong>Evangelistarumquaetlam</strong></span> <span class='ocrx_word' id='word_1_145' title='bbox 1016 2311 1121 2388; x_wconf 86' lang='lat' dir='ltr'><strong>omisit,</strong></span> <span class='ocrx_word' id='word_1_146' title='bbox 1143 2327 1213 2390; x_wconf 89' lang='lat' dir='ltr'><strong>quae</strong></span> <span class='ocrx_word' id='word_1_147' title='bbox 1234 2311 1261 2371; x_wconf 93' lang='lat' dir='ltr'><strong>in</strong></span> 
     </span>
     <span class='ocr_line' id='line_1_20' title="bbox 207 2417 1261 2513; baseline 0.003 -37"><span class='ocrx_word' id='word_1_148' title='bbox 207 2417 325 2478; x_wconf 87' lang='lat' dir='ltr'><strong>caeteris</strong></span> <span class='ocrx_word' id='word_1_149' title='bbox 346 2418 533 2497; x_wconf 83' lang='lat' dir='ltr'><strong>reperiuntnr3</strong></span> <span class='ocrx_word' id='word_1_150' title='bbox 555 2427 583 2480; x_wconf 86' lang='lat' dir='ltr'><strong>el</strong></span> <span class='ocrx_word' id='word_1_151' title='bbox 604 2419 740 2498; x_wconf 88' lang='lat' dir='ltr'><strong>quaedam</strong></span> <span class='ocrx_word' id='word_1_152' title='bbox 762 2418 847 2482; x_wconf 86' lang='lat' dir='ltr'><strong>babet</strong></span> <span class='ocrx_word' id='word_1_153' title='bbox 867 2419 1033 2513; x_wconf 66' lang='lat' dir='ltr'><strong>peculiaria,</strong></span> <span class='ocrx_word' id='word_1_154' title='bbox 1063 2438 1134 2499; x_wconf 79' lang='lat' dir='ltr'><strong>quae</strong></span> <span class='ocrx_word' id='word_1_155' title='bbox 1154 2439 1170 2480; x_wconf 88' lang='lat' dir='ltr'><strong>a</strong></span> <span class='ocrx_word' id='word_1_156' title='bbox 1193 2437 1261 2480; x_wconf 85' lang='lat' dir='ltr'><strong>oae-</strong></span> 
     </span>
    </p>
   </div>
   <div class='ocr_carea' id='block_1_4' title="bbox 112 2527 1367 4364">
    <p class='ocr_par' dir='ltr' id='par_1_6' title="bbox 112 2527 1367 4364">
     <span class='ocr_line' id='line_1_21' title="bbox 208 2527 1260 2608; baseline 0.004 -22"><span class='ocrx_word' id='word_1_157' title='bbox 208 2527 274 2586; x_wconf 87' lang='lat' dir='ltr'><strong>teris</strong></span> <span class='ocrx_word' id='word_1_158' title='bbox 295 2545 349 2592; x_wconf 89' lang='lat' dir='ltr'><strong>non</strong></span> <span class='ocrx_word' id='word_1_159' title='bbox 370 2537 627 2592; x_wconf 64' lang='lat' dir='ltr'><strong>commemorantur,</strong></span> <span class='ocrx_word' id='word_1_160' title='bbox 644 2527 808 2592; x_wconf 87' lang='lat' dir='ltr'><strong>-llattlrueus</strong></span> <span class='ocrx_word' id='word_1_161' title='bbox 829 2546 854 2590; x_wconf 87' lang='lat' dir='ltr'><strong>e.</strong></span> <span class='ocrx_word' id='word_1_162' title='bbox 876 2546 919 2608; x_wconf 75' lang='lat' dir='ltr'><strong>gr.</strong></span> <span class='ocrx_word' id='word_1_163' title='bbox 942 2548 996 2592; x_wconf 94' lang='lat' dir='ltr'><strong>non</strong></span> <span class='ocrx_word' id='word_1_164' title='bbox 1018 2528 1101 2591; x_wconf 87' lang='lat' dir='ltr'><strong>modo</strong></span> <span class='ocrx_word' id='word_1_165' title='bbox 1120 2529 1260 2606; x_wconf 76' lang='lat' dir='ltr'><strong>longiores</strong></span> 
     </span>
     <span class='ocr_line' id='line_1_22' title="bbox 209 2635 1258 2724; baseline 0 -26"><span class='ocrx_word' id='word_1_166' title='bbox 209 2635 340 2714; x_wconf 75' lang='lat' dir='ltr'><strong>quonlam</strong></span> <span class='ocrx_word' id='word_1_167' title='bbox 369 2653 516 2701; x_wconf 84' lang='lat' dir='ltr'><strong>sermones</strong></span> <span class='ocrx_word' id='word_1_168' title='bbox 544 2636 594 2700; x_wconf 84' lang='lat' dir='ltr'><strong>set</strong></span> <span class='ocrx_word' id='word_1_169' title='bbox 625 2646 654 2698; x_wconf 92' lang='lat' dir='ltr'><strong>et</strong></span> <span class='ocrx_word' id='word_1_170' title='bbox 682 2639 825 2702; x_wconf 87' lang='lat' dir='ltr'><strong>nonnullas</strong></span> <span class='ocrx_word' id='word_1_171' title='bbox 852 2639 1037 2724; x_wconf 33' lang='lat' dir='ltr'><strong>narrationes,</strong></span> <span class='ocrx_word' id='word_1_172' title='bbox 1055 2639 1132 2700; x_wconf 90' lang='lat' dir='ltr'><strong>solus</strong></span> <span class='ocrx_word' id='word_1_173' title='bbox 1164 2637 1258 2716; x_wconf 89' lang='lat' dir='ltr'><strong>habet,</strong></span> 
     </span>
     <span class='ocr_line' id='line_1_23' title="bbox 208 2727 1255 2831; baseline 0.006 -27"><span class='ocrx_word' id='word_1_174' title='bbox 208 2763 233 2804; x_wconf 88' lang='lat' dir='ltr'><strong>e.</strong></span> <span class='ocrx_word' id='word_1_175' title='bbox 263 2763 304 2822; x_wconf 83' lang='lat' dir='ltr'><strong>gr.</strong></span> <span class='ocrx_word' id='word_1_176' title='bbox 332 2749 503 2808; x_wconf 89' lang='lat' dir='ltr'><strong>sanationem</strong></span> <span class='ocrx_word' id='word_1_177' title='bbox 531 2747 647 2809; x_wconf 87' lang='lat' dir='ltr'><strong>duorum</strong></span> <span class='ocrx_word' id='word_1_178' title='bbox 675 2765 824 2810; x_wconf 88' lang='lat' dir='ltr'><strong>caecorum</strong></span> <span class='ocrx_word' id='word_1_179' title='bbox 854 2757 883 2810; x_wconf 89' lang='lat' dir='ltr'><strong>et</strong></span> <span class='ocrx_word' id='word_1_180' title='bbox 914 2727 1083 2810; x_wconf 80' lang='lat' dir='ltr'><strong>daemoniaci</strong></span> <span class='ocrx_word' id='word_1_181' title='bbox 1110 2767 1172 2831; x_wconf 92' lang='lat' dir='ltr'><strong>cap.</strong></span> <span class='ocrx_word' id='word_1_182' title='bbox 1196 2747 1255 2823; x_wconf 82' lang='lat' dir='ltr'><strong>lx,</strong></span> 
     </span>
     <span class='ocr_line' id='line_1_24' title="bbox 205 2854 1256 2939; baseline 0.006 -25"><span class='ocrx_word' id='word_1_183' title='bbox 205 2863 319 2917; x_wconf 88' lang='lat' dir='ltr'><strong>mortem</strong></span> <span class='ocrx_word' id='word_1_184' title='bbox 353 2854 461 2932; x_wconf 86' lang='lat' dir='ltr'><strong>Judue,</strong></span> <span class='ocrx_word' id='word_1_185' title='bbox 503 2856 655 2920; x_wconf 84' lang='lat' dir='ltr'><strong>custodiam</strong></span> <span class='ocrx_word' id='word_1_186' title='bbox 673 2856 831 2939; x_wconf 79' lang='lat' dir='ltr'><strong>sepulchri</strong></span> <span class='ocrx_word' id='word_1_187' title='bbox 865 2867 918 2920; x_wconf 86' lang='lat' dir='ltr'><strong>ete.</strong></span> <span class='ocrx_word' id='word_1_188' title='bbox 950 2898 989 2910; x_wconf 90' lang='lat'>-</span> <span class='ocrx_word' id='word_1_189' title='bbox 1017 2855 1127 2919; x_wconf 89' lang='lat' dir='ltr'><strong>llarous</strong></span> <span class='ocrx_word' id='word_1_190' title='bbox 1163 2859 1256 2920; x_wconf 88' lang='lat' dir='ltr'><strong>missis</strong></span> 
     </span>
     <span class='ocr_line' id='line_1_25' title="bbox 203 2966 1256 3049; baseline 0.001 -23"><span class='ocrx_word' id='word_1_191' title='bbox 203 2966 344 3047; x_wconf 87' lang='lat' dir='ltr'><strong>plerisque</strong></span> <span class='ocrx_word' id='word_1_192' title='bbox 374 2967 546 3028; x_wconf 87' lang='lat' dir='ltr'><strong>sermonibus</strong></span> <span class='ocrx_word' id='word_1_193' title='bbox 577 2978 624 3029; x_wconf 92' lang='lat' dir='ltr'><strong>aut</strong></span> <span class='ocrx_word' id='word_1_194' title='bbox 654 2968 786 3031; x_wconf 90' lang='lat' dir='ltr'><strong>breviatis</strong></span> <span class='ocrx_word' id='word_1_195' title='bbox 816 2967 950 3048; x_wconf 84' lang='lat' dir='ltr'><strong>quaedam</strong></span> <span class='ocrx_word' id='word_1_196' title='bbox 983 2968 1074 3042; x_wconf 79' lang='lat' dir='ltr'><strong>facta</strong></span> <span class='ocrx_word' id='word_1_197' title='bbox 1090 3040 1091 3046; x_wconf 7' lang='grc' dir='ltr'>ἵ</span> <span class='ocrx_word' id='word_1_198' title='bbox 1105 2966 1256 3049; x_wconf 88' lang='lat' dir='ltr'><strong>peculiaria</strong></span> 
     </span>
     <span class='ocr_line' id='line_1_26' title="bbox 202 3063 1255 3157; baseline 0.002 -21"><span class='ocrx_word' id='word_1_199' title='bbox 202 3075 305 3154; x_wconf 80' lang='lat' dir='ltr'><strong>hubet3</strong></span> <span class='ocrx_word' id='word_1_200' title='bbox 334 3095 360 3137; x_wconf 89' lang='lat' dir='ltr'><strong>e.</strong></span> <span class='ocrx_word' id='word_1_201' title='bbox 391 3095 436 3154; x_wconf 84' lang='lat' dir='ltr'><strong>gr.</strong></span> <span class='ocrx_word' id='word_1_202' title='bbox 466 3079 637 3139; x_wconf 90' lang='lat' dir='ltr'><strong>sanationem</strong></span> <span class='ocrx_word' id='word_1_203' title='bbox 668 3063 743 3139; x_wconf 82' lang='lat' dir='ltr'><strong>surdi</strong></span> <span class='ocrx_word' id='word_1_204' title='bbox 765 3071 794 3138; x_wconf 91' lang='lat' dir='ltr'><strong>et</strong></span> <span class='ocrx_word' id='word_1_205' title='bbox 814 3079 880 3139; x_wconf 91' lang='lat' dir='ltr'><strong>muti</strong></span> <span class='ocrx_word' id='word_1_206' title='bbox 901 3076 980 3153; x_wconf 86' lang='lat' dir='ltr'><strong>(Vll,</strong></span> <span class='ocrx_word' id='word_1_207' title='bbox 1003 3073 1044 3138; x_wconf 86' lang='lat'><strong>32</strong></span> <span class='ocrx_word' id='word_1_208' title='bbox 1065 3082 1146 3157; x_wconf 80' lang='lat' dir='ltr'><strong>sup),</strong></span> <span class='ocrx_word' id='word_1_209' title='bbox 1177 3079 1255 3138; x_wconf 92' lang='lat' dir='ltr'><strong>caeci</strong></span> 
     </span>
     <span class='ocr_line' id='line_1_27' title="bbox 202 3180 1256 3266; baseline 0 -20"><span class='ocrx_word' id='word_1_210' title='bbox 202 3180 306 3262; x_wconf 84' lang='lat' dir='ltr'><strong>(vlit,</strong></span> <span class='ocrx_word' id='word_1_211' title='bbox 327 3184 369 3247; x_wconf 71' lang='lat'><strong>22</strong></span> <span class='ocrx_word' id='word_1_212' title='bbox 390 3189 452 3266; x_wconf 83' lang='lat' dir='ltr'><strong>sq.)</strong></span> <span class='ocrx_word' id='word_1_213' title='bbox 473 3195 527 3248; x_wconf 88' lang='lat' dir='ltr'><strong>cto.</strong></span> <span class='ocrx_word' id='word_1_214' title='bbox 558 3219 595 3232; x_wconf 89' lang='lat'>-</span> <span class='ocrx_word' id='word_1_215' title='bbox 628 3186 717 3250; x_wconf 85' lang='lat' dir='ltr'><strong>Lucas</strong></span> <span class='ocrx_word' id='word_1_216' title='bbox 738 3205 792 3250; x_wconf 92' lang='lat' dir='ltr'><strong>non</strong></span> <span class='ocrx_word' id='word_1_217' title='bbox 812 3187 903 3250; x_wconf 83' lang='lat' dir='ltr'><strong>solum</strong></span> <span class='ocrx_word' id='word_1_218' title='bbox 925 3195 1054 3266; x_wconf 90' lang='lat' dir='ltr'><strong>tempus,</strong></span> <span class='ocrx_word' id='word_1_219' title='bbox 1083 3184 1167 3266; x_wconf 75' lang='lat' dir='ltr'><strong>quod»</strong></span> <span class='ocrx_word' id='word_1_220' title='bbox 1187 3186 1256 3246; x_wconf 91' lang='lat' dir='ltr'><strong>inter</strong></span> 
     </span>
     <span class='ocr_line' id='line_1_28' title="bbox 178 3294 1255 3376; baseline 0.006 -20"><span class='ocrx_word' id='word_1_221' title='bbox 178 3295 285 3356; x_wconf 78' lang='lat' dir='ltr'><strong>&#39;mun</strong></span> <span class='ocrx_word' id='word_1_222' title='bbox 305 3295 442 3376; x_wconf 83' lang='lat' dir='ltr'><strong>publicam</strong></span> <span class='ocrx_word' id='word_1_223' title='bbox 464 3294 566 3358; x_wconf 80' lang='lat' dir='ltr'><strong>Christi</strong></span> <span class='ocrx_word' id='word_1_224' title='bbox 589 3298 623 3358; x_wconf 82' lang='lat' dir='ltr'><strong>in&#39;</strong></span> <span class='ocrx_word' id='word_1_225' title='bbox 635 3295 758 3361; x_wconf 84' lang='lat' dir='ltr'><strong>Galilaea</strong></span> <span class='ocrx_word' id='word_1_226' title='bbox 785 3307 814 3358; x_wconf 86' lang='lat' dir='ltr'><strong>et</strong></span> <span class='ocrx_word' id='word_1_227' title='bbox 842 3297 978 3360; x_wconf 82' lang='lat' dir='ltr'><strong>ultimum.</strong></span> <span class='ocrx_word' id='word_1_228' title='bbox 994 3297 1056 3374; x_wconf 74' lang='lat' dir='ltr'><strong>eius</strong></span> <span class='ocrx_word' id='word_1_229' title='bbox 1085 3296 1137 3358; x_wconf 83' lang='lat' dir='ltr'><strong>iter</strong></span> <span class='ocrx_word' id='word_1_230' title='bbox 1166 3297 1255 3362; x_wconf 88' lang='lat' dir='ltr'><strong>intet-</strong></span> 
     </span>
     <span class='ocr_line' id='line_1_29' title="bbox 199 3389 1253 3485; baseline 0.001 -21"><span class='ocrx_word' id='word_1_231' title='bbox 199 3404 325 3482; x_wconf 83' lang='lat' dir='ltr'><strong>cedebat,</strong></span> <span class='ocrx_word' id='word_1_232' title='bbox 348 3407 483 3485; x_wconf 88' lang='lat' dir='ltr'><strong>explevit,</strong></span> <span class='ocrx_word' id='word_1_233' title='bbox 504 3405 555 3466; x_wconf 80' lang='lat' dir='ltr'><strong>seul</strong></span> <span class='ocrx_word' id='word_1_234' title='bbox 577 3414 604 3466; x_wconf 89' lang='lat' dir='ltr'><strong>et</strong></span> <span class='ocrx_word' id='word_1_235' title='bbox 626 3406 653 3466; x_wconf 95' lang='lat' dir='ltr'><strong>in</strong></span> <span class='ocrx_word' id='word_1_236' title='bbox 676 3408 732 3485; x_wconf 89' lang='lat' dir='ltr'><strong>iis,</strong></span> <span class='ocrx_word' id='word_1_237' title='bbox 749 3404 831 3485; x_wconf 81' lang='lat' dir='ltr'><strong>‘quae</strong></span> <span class='ocrx_word' id='word_1_238' title='bbox 852 3423 914 3466; x_wconf 89' lang='lat' dir='ltr'><strong>cnm</strong></span> <span class='ocrx_word' id='word_1_239' title='bbox 936 3400 1052 3466; x_wconf 81' lang='lat' dir='ltr'><strong>caeteris</strong></span> <span class='ocrx_word' id='word_1_240' title='bbox 1073 3389 1253 3483; x_wconf 78' lang='lat' dir='ltr'><strong>evangelistis</strong></span> 
     </span>
     <span class='ocr_line' id='line_1_30' title="bbox 198 3513 1253 3597; baseline -0.001 -23"><span class='ocrx_word' id='word_1_241' title='bbox 198 3517 359 3575; x_wconf 84' lang='lat' dir='ltr'><strong>communia</strong></span> <span class='ocrx_word' id='word_1_242' title='bbox 376 3513 479 3593; x_wconf 88' lang='lat' dir='ltr'><strong>babet,</strong></span> <span class='ocrx_word' id='word_1_243' title='bbox 501 3516 577 3597; x_wconf 91' lang='lat' dir='ltr'><strong>plura</strong></span> <span class='ocrx_word' id='word_1_244' title='bbox 597 3515 634 3577; x_wconf 87' lang='lat' dir='ltr'><strong>ab</strong></span> <span class='ocrx_word' id='word_1_245' title='bbox 654 3515 708 3578; x_wconf 93' lang='lat' dir='ltr'><strong>illis</strong></span> <span class='ocrx_word' id='word_1_246' title='bbox 729 3533 792 3590; x_wconf 32' lang='lat' dir='ltr'><strong>non·</strong></span> <span class='ocrx_word' id='word_1_247' title='bbox 804 3525 911 3579; x_wconf 83' lang='lat' dir='ltr'><strong>narreta</strong></span> <span class='ocrx_word' id='word_1_248' title='bbox 930 3513 1033 3589; x_wconf 85' lang='lat' dir='ltr'><strong>raiert,</strong></span> <span class='ocrx_word' id='word_1_249' title='bbox 1055 3531 1081 3579; x_wconf 77' lang='lat' dir='ltr'><strong>e,</strong></span> <span class='ocrx_word' id='word_1_250' title='bbox 1103 3529 1145 3592; x_wconf 79' lang='lat' dir='ltr'><strong>gr.</strong></span> <span class='ocrx_word' id='word_1_251' title='bbox 1167 3531 1253 3594; x_wconf 85' lang='lat' dir='ltr'><strong>prac-</strong></span> 
     </span>
     <span class='ocr_line' id='line_1_31' title="bbox 198 3603 1251 3705; baseline 0.002 -22"><span class='ocrx_word' id='word_1_252' title='bbox 198 3603 365 3685; x_wconf 83' lang='lat' dir='ltr'><strong>dicationem</strong></span> <span class='ocrx_word' id='word_1_253' title='bbox 388 3628 416 3686; x_wconf 92' lang='lat' dir='ltr'><strong>in</strong></span> <span class='ocrx_word' id='word_1_254' title='bbox 438 3625 588 3704; x_wconf 75' lang='lat' dir='ltr'><strong>synagoga</strong></span> <span class='ocrx_word' id='word_1_255' title='bbox 606 3623 809 3702; x_wconf 78' lang='lat' dir='ltr'><strong>Nazarethanu,</strong></span> <span class='ocrx_word' id='word_1_256' title='bbox 831 3633 980 3705; x_wconf 84' lang='lat' dir='ltr'><strong>capturum¹</strong></span> <span class='ocrx_word' id='word_1_257' title='bbox 993 3624 1121 3703; x_wconf 83' lang='lat' dir='ltr'><strong>piacimn,</strong></span> <span class='ocrx_word' id='word_1_258' title='bbox 1143 3625 1251 3685; x_wconf 86' lang='lat' dir='ltr'><strong>ueniam</strong></span> 
     </span>
     <span class='ocr_line' id='line_1_32' title="bbox 195 3731 1279 3818; baseline -0.002 -24"><span class='ocrx_word' id='word_1_259' title='bbox 195 3736 343 3816; x_wconf 89' lang='lat' dir='ltr'><strong>peccatrici</strong></span> <span class='ocrx_word' id='word_1_260' title='bbox 366 3733 476 3818; x_wconf 87' lang='lat' dir='ltr'><strong>datam,</strong></span> <span class='ocrx_word' id='word_1_261' title='bbox 505 3736 744 3796; x_wconf 82' lang='lat' dir='ltr'><strong>resuscitationem</strong></span> <span class='ocrx_word' id='word_1_262' title='bbox 762 3735 872 3811; x_wconf 85' lang='lat' dir='ltr'><strong>jnvcnin</strong></span> <span class='ocrx_word' id='word_1_263' title='bbox 894 3738 930 3793; x_wconf 78' lang='lat' dir='ltr'><strong>e&#39;x</strong></span> <span class='ocrx_word' id='word_1_264' title='bbox 950 3731 1018 3792; x_wconf 85' lang='lat' dir='ltr'><strong>llain</strong></span> <span class='ocrx_word' id='word_1_265' title='bbox 1038 3740 1112 3808; x_wconf 60' lang='lat' dir='ltr'><strong>etot,</strong></span> <span class='ocrx_word' id='word_1_266' title='bbox 1143 3731 1194 3792; x_wconf 83' lang='lat' dir='ltr'><strong>seul</strong></span> <span class='ocrx_word' id='word_1_267' title='bbox 1224 3741 1252 3792; x_wconf 92' lang='lat' dir='ltr'><strong>et</strong></span> <span class='ocrx_word' id='word_1_268' title='bbox 1277 3769 1279 3772; x_wconf 95' lang='lat'>-</span> 
     </span>
     <span class='ocr_line' id='line_1_33' title="bbox 194 3831 1367 3949; baseline -0.004 -45"><span class='ocrx_word' id='word_1_269' title='bbox 194 3844 274 3924; x_wconf 88' lang='lat' dir='ltr'><strong>plura</strong></span> <span class='ocrx_word' id='word_1_270' title='bbox 303 3846 415 3949; x_wconf 63' lang='lat' dir='ltr'><strong>⁰¹¹¹i⁵fflp</strong></span> <span class='ocrx_word' id='word_1_271' title='bbox 449 3863 473 3904; x_wconf 91' lang='lat' dir='ltr'><strong>e.</strong></span> <span class='ocrx_word' id='word_1_272' title='bbox 497 3865 541 3924; x_wconf 85' lang='lat' dir='ltr'><strong>gr.</strong></span> <span class='ocrx_word' id='word_1_273' title='bbox 569 3831 640 3925; x_wconf 84' lang='lat' dir='ltr'><strong>quae</strong></span> <span class='ocrx_word' id='word_1_274' title='bbox 668 3842 837 3905; x_wconf 81' lang='lat' dir='ltr'><strong>intercedunt</strong></span> <span class='ocrx_word' id='word_1_275' title='bbox 858 3843 931 3903; x_wconf 87' lang='lat' dir='ltr'><strong>inter</strong></span> <span class='ocrx_word' id='word_1_276' title='bbox 952 3843 1066 3922; x_wconf 88' lang='lat' dir='ltr'><strong>primam</strong></span> <span class='ocrx_word' id='word_1_277' title='bbox 1087 3847 1116 3900; x_wconf 90' lang='lat' dir='ltr'><strong>et</strong></span> <span class='ocrx_word' id='word_1_278' title='bbox 1137 3841 1249 3901; x_wconf 86' lang='lat' dir='ltr'><strong>alteram</strong></span> <span class='ocrx_word' id='word_1_279' title='bbox 1366 3865 1367 3868; x_wconf 39' lang='lat'>¹</span> 
     </span>
     <span class='ocr_line' id='line_1_34' title="bbox 193 3938 1247 4037; baseline -0.003 -23"><span class='ocrx_word' id='word_1_280' title='bbox 193 3971 292 4034; x_wconf 87' lang='lat' dir='ltr'><strong>panum</strong></span> <span class='ocrx_word' id='word_1_281' title='bbox 313 3938 577 4037; x_wconf 80' lang='lat' dir='ltr'><strong>multiplicationem.</strong></span> <span class='ocrx_word' id='word_1_282' title='bbox 598 3988 639 4001; x_wconf 97' lang='lat'>-</span> <span class='ocrx_word' id='word_1_283' title='bbox 667 3955 722 4015; x_wconf 85' lang='lat' dir='ltr'><strong>Ast</strong></span> <span class='ocrx_word' id='word_1_284' title='bbox 743 3956 827 4015; x_wconf 90' lang='lat' dir='ltr'><strong>etiam</strong></span> <span class='ocrx_word' id='word_1_285' title='bbox 847 3953 894 4015; x_wconf 91' lang='lat' dir='ltr'><strong>ubi</strong></span> <span class='ocrx_word' id='word_1_286' title='bbox 914 3971 960 4014; x_wconf 88' lang='lat' dir='ltr'><strong>res</strong></span> <span class='ocrx_word' id='word_1_287' title='bbox 982 3951 1093 4013; x_wconf 84' lang='lat' dir='ltr'><strong>easdem</strong></span> <span class='ocrx_word' id='word_1_288' title='bbox 1115 3949 1247 4029; x_wconf 77' lang='lat' dir='ltr'><strong>referunt,</strong></span> 
     </span>
     <span class='ocr_line' id='line_1_35' title="bbox 193 4064 1155 4144; baseline -0.006 -16"><span class='ocrx_word' id='word_1_289' title='bbox 193 4083 248 4128; x_wconf 78' lang='lat' dir='ltr'><strong>mn</strong></span> <span class='ocrx_word' id='word_1_290' title='bbox 269 4083 332 4128; x_wconf 85' lang='lat' dir='ltr'><strong>raro</strong></span> <span class='ocrx_word' id='word_1_291' title='bbox 351 4065 580 4128; x_wconf 71' lang='lat' dir='ltr'><strong>altinensium</strong></span> <span class='ocrx_word' id='word_1_292' title='bbox 602 4075 745 4140; x_wconf 82' lang='lat' dir='ltr'><strong>enarrant,</strong></span> <span class='ocrx_word' id='word_1_293' title='bbox 767 4084 794 4126; x_wconf 91' lang='lat' dir='ltr'><strong>e.</strong></span> <span class='ocrx_word' id='word_1_294' title='bbox 817 4084 861 4144; x_wconf 81' lang='lat' dir='ltr'><strong>gr.</strong></span> <span class='ocrx_word' id='word_1_295' title='bbox 884 4064 1008 4126; x_wconf 87' lang='lat' dir='ltr'><strong>ultimam</strong></span> <span class='ocrx_word' id='word_1_296' title='bbox 1030 4080 1155 4124; x_wconf 90' lang='lat' dir='ltr'><strong>coenam.</strong></span> 
     </span>
     <span class='ocr_line' id='line_1_36' title="bbox 112 4171 1247 4255; baseline 0.002 -21"><span class='ocrx_word' id='word_1_297' title='bbox 112 4177 204 4235; x_wconf 83' lang='lat' dir='ltr'><strong>Nota.</strong></span> <span class='ocrx_word' id='word_1_298' title='bbox 234 4171 370 4254; x_wconf 73' lang='lat' dir='ltr'><strong>Exempla</strong></span> <span class='ocrx_word' id='word_1_299' title='bbox 399 4175 600 4255; x_wconf 83' lang='lat' dir='ltr'><strong>discrepantiae</strong></span> <span class='ocrx_word' id='word_1_300' title='bbox 636 4178 665 4238; x_wconf 92' lang='lat' dir='ltr'><strong>in</strong></span> <span class='ocrx_word' id='word_1_301' title='bbox 701 4174 875 4254; x_wconf 80' lang='lat' dir='ltr'><strong>gravioribus</strong></span> <span class='ocrx_word' id='word_1_302' title='bbox 903 4175 985 4240; x_wconf 82' lang='lat' dir='ltr'><strong>etium</strong></span> <span class='ocrx_word' id='word_1_303' title='bbox 1012 4174 1091 4242; x_wconf 68' lang='lat' dir='ltr'><strong>locis,</strong></span> <span class='ocrx_word' id='word_1_304' title='bbox 1111 4172 1247 4253; x_wconf 87' lang='lat' dir='ltr'><strong>parallelis</strong></span> 
     </span>
     <span class='ocr_line' id='line_1_37' title="bbox 235 4281 1246 4364; baseline -0.002 -19"><span class='ocrx_word' id='word_1_305' title='bbox 235 4283 301 4346; x_wconf 87' lang='lat' dir='ltr'><strong>vide</strong></span> <span class='ocrx_word' id='word_1_306' title='bbox 321 4283 388 4348; x_wconf 83' lang='lat' dir='ltr'><strong>buc.</strong></span> <span class='ocrx_word' id='word_1_307' title='bbox 409 4284 467 4364; x_wconf 55' lang='lat'><strong>22,</strong></span> <span class='ocrx_word' id='word_1_308' title='bbox 487 4283 534 4348; x_wconf 79' lang='lat' dir='ltr'><strong>itt.</strong></span> <span class='ocrx_word' id='word_1_309' title='bbox 557 4284 608 4348; x_wconf 80' lang='lat'><strong>20.</strong></span> <span class='ocrx_word' id='word_1_310' title='bbox 631 4286 668 4348; x_wconf 84' lang='lat' dir='ltr'><strong>oi.</strong></span> <span class='ocrx_word' id='word_1_311' title='bbox 690 4285 787 4350; x_wconf 75' lang='lat' dir='ltr'><strong>naon.</strong></span> <span class='ocrx_word' id='word_1_312' title='bbox 804 4283 916 4362; x_wconf 69' lang='lat' dir='ltr'><strong>xva</strong></span> <span class='ocrx_word' id='word_1_313' title='bbox 937 4281 1022 4348; x_wconf 77' lang='lat' dir='ltr'><strong>blano</strong></span> <span class='ocrx_word' id='word_1_314' title='bbox 1037 4281 1123 4360; x_wconf 79' lang='lat' dir='ltr'><strong>xlv3</strong></span> <span class='ocrx_word' id='word_1_315' title='bbox 1143 4284 1246 4363; x_wconf 88' lang='lat' dir='ltr'><strong>pariter</strong></span> 
     </span>
    </p>
   </div>
   <div class='ocr_carea' id='block_1_5' title="bbox 0 0 1540 4940">
    <p class='ocr_par' dir='ltr' id='par_1_7' title="bbox 0 0 1540 4940">
     <span class='ocr_line' id='line_1_38' title="bbox 0 0 1540 4940; baseline 0 9"><span class='ocrx_word' id='word_1_316' title='bbox 0 0 1540 4940; x_wconf 95' lang='lat' dir='ltr'><strong> </strong></span> 
     </span>
    </p>
   </div>
  </div>
 </body>
</html>
