3034 4934
1176 360 1238 429 ’85

123 525 156 592 u)
186 525 366 584 connotatio
400 521 436 581 de
472 519 577 582 Domini
607 521 741 599 adventu,
754 511 857 584 ‘'dands
879 503 1033 595 ‘uindictam
1069 517 1235 601 lantelmus,

187 632 256 710 ipsis
277 639 366 690 autem
377 608 503 708 g'lorlsm
524 635 567 703 (c.
589 629 638 704 l).
707 645 726 669 ι’
779 633 783 642 ’

123 739 158 814 ln)
187 743 321 800 Sanctio
342 741 421 814 folet
441 745 587 820 tltnorisJ
602 742 681 820 quasi
702 742 786 800 instet
804 741 866 801 dies
885 741 1012 818 Domini,
1043 760 1124 822 quem
1152 761 1238 824 prac-

187 849 290 910 cedere
311 849 395 942 dslpet
414 849 553 912 discessio
574 859 601 910 et
622 849 808 912 Antichristus
830 849 888 928 (ll,
913 848 1038 927 t-lt).

124 965 158 1030 c)
185 961 311 1018 Monitc
330 964 475 1036 practico
480 979 495 1032 ‚·
515 961 672 1037 ponendis,
703 970 733 1022 ut
762 963 946 1040 permaneant*
966 964 1005 1022 in·
1019 961 1074 1023 lide
1089 971 1131 1022 ct
1150 961 1238 1043 proli-

186 1071 258 1130 ciaut
272 1063 299 1128 iu
314 1069 428 1143 virtute;
445 1069 574 1148 specialia
589 1077 681 1130 eontra
695 1070 831 1148 quosdam
846 1071 1012 1133 inordinatos
1031 1070 1086 1153 (ll,
1097 1067 1146 1148 13,
1159 1069 1235 1147 lii).

597 1287 625 1356 t.
646 1283 696 1350 43.

266 1443 426 1520 ottinsund
443 1446 591 1520 epistulas
608 1447 777 1520 posumus·
794 1449 825 1508 et
842 1449 1025 1509 nomentum.

147 1601 174 1662 l.
191 1601 239 1661 lte
267 1603 391 1662 nsutcius
417 1601 587 1678 pernicitate
616 1606 736 1679 usquam
758 1603 786 1662 in
808 1599 937 1662 Ecclesia
959 1597 1109 1662 dubitatum
1129 1609 1184 1662 est.
1197 1636 1238 1652 -

58 1713 122 1774 Nec
143 1711 241 1772 desunt
253 1712 417 1772 testimonia
436 1711 637 1790 antiquissima.
658 1715 808 1772 locutos
823 1709 909 1785 (dial.
923 1727 985 1770 cum
999 1709 1103 1790 luppo
1119 1727 1146 1771 c.
1161 1707 1237 1783 llo)

59 1825 97 1885 de
124 1821 287 1884 antichristo
314 1815 349 1890 (ὁ
370 1815 428 1904 τῆς
448 1816 656 1891 compactae
675 1813 870 1902 ἄνθρωπος)
898 1819 977 1880 siniili
1008 1817 1089 1880 ruodo
1116 1816 1237 1898 loquitor

60 1949 95 1992 ac
115 1933 160 2011 ep.
182 1927 218 1993 ll.
261 1927 383 2007 Utraque
404 1931 559 1989 inconcus
579 1933 755 1990 Mursense
776 1927 935 2011 habehim.
975 1933 1141 2009 omens,
1165 1933 1237 1991 vtc-
1335 1965 1338 1972 ·

61 2059 148 2104 ments
176 2040 267 2099 Alco.
275 2083 288 2117 ,
319 2041 536 2098 Tertutilionos
565 2045 706 2112 utrumque
735 2039 822 2098 citant.
843 2067 884 2083 -
905 2035 985 2112 Quae
1013 2039 1110 2099 critica
1136 2033 1253 2098 recen:

63 2150 169 2210 tissima
191 2155 287 2209 coolru
310 2145 408 2222 allent,
431 2145 532 2208 uoltus
553 2154 619 2208 sunt
638 2148 777 2208 momenti.

146 2256 177 2320 2.
199 2261 391 2320 timentem
411 2254 508 2318 larum
530 2241 705 2337 epistolarum
733 2255 821 2316 relate
849 2253 884 2316 ad
910 2253 1027 2334 reliquus
1055 2253 1181 2335 Apostoli
1209 2255 1238 2314 in

63 2383 97 2427 eo
118 2367 291 2447 potissimum
312 2373 372 2442 pst,
399 2372 428 2425 ut
450 2365 531 2444 qussi
551 2367 702 2442 proleque
722 2365 827 2452 sintnet
847 2362 1009 2424 introductio
1034 2363 1156 2424 omnium
1185 2379 1236 2424 sc-

63 2479 200 2556 quendum
221 2483 355 2536 ettotam
385 2476 667 2556 quusiprospeotnm
687 2474 815 2554 Apostoli
844 2475 985 2554 aperiant,
1014 2475 1191 2555 incipientem
1219 2489 1236 2534 a

64 2587 171 2647 receuti
192 2571 320 2645 memoria
342 2599 458 2660 eoram,
480 2595 550 2664 quoe
569 2585 627 2662 egit
645 2593 673 2645 et
685 2599 785 2664 passus
800 2591 862 2659 est,
884 2591 913 2643 et
925 2583 1134 2664 prospicientem
1148 2599 1236 2660 usque

69 2695 103 2755 ad
123 2697 382 2754 consummationem
402 2693 515 2754 soeculi.
541 2729 580 2742 -
609 2691 778 2754 llomeutum
799 2691 884 2753 relate
905 2691 939 2752 ad
959 2709 1011 2752 uos
1032 2698 1060 2752 et
1081 2675 1236 2752 universam

67 2799 220 2862 Ecclesium
248 2801 365 2862 maxime
390 2801 520 2862 consistit
547 2803 578 2874 a)
606 2803 633 2862 iu
662 2799 823 2862 stabilienda
851 2803 1036 2860 necessitate
1057 2803 1237 2860 traditionis

65 2910 119 2985 (ci.
144 2909 166 2971 l.
188 2927 232 2992 ep.
254 2907 285 2988 3,
301 2909 365 2988 lo,
387 2910 424 2971 ll.
447 2927 494 2990 ep.
516 2907 547 2987 2,
569 2908 626 2988 5);
653 2909 688 2984 b)
715 2911 742 2970 in
767 2909 889 2970 doctrina
915 2915 953 2970 de
977 2912 1113 2986 perusto
1133 2905 1236 2969 consu

61 3023 146 3084 etde
167 3023 218 3098 iis,
240 3037 394 3100 cocceam
415 3019 597 3102 praecedunt3
619 3025 652 3095 c)
673 3019 700 3080 io
721 3022 940 3084 coltortotioot
960 3018 1092 3100 practica.

426 3221 475 3309 a)
499 3227 641 3303 opoente
662 3229 705 3284 on
724 3223 867 3286 cotom

600 3388 627 3456 i·-
650 3385 701 3448 44.

106 3541 152 3634 lto
170 3539 315 3610 soutsslls
332 3539 490 3614 tlalamo
504 3493 562 3612 uuo
579 3538 711 3608 temporo
729 3535 761 3596 st
776 3532 847 3594 teos
863 3529 996 3606 epistola
1011 3529 1131 3604 sarlpto
1146 3527 1196 3588 alt.

146 3695 277 3758 (iulotta
306 3697 368 3756 sive
396 3691 605 3770 Gallograecia,
635 3692 662 3751 in
690 3689 757 3750 Asia
786 3686 881 3748 minori
908 3685 979 3760 sita,
1008 3682 1113 3743 incolas
1129 3679 1239 3740 ·halnuit
1278 3719 1282 3726 ·

55 3807 159 3878 Gallos
174 3806 302 3865 admixtis
318 3803 480 3879 Germanis3
500 3802 594 3880 lingua
615 3799 710 3860 similis
733 3805 790 3858 erat
808 3797 922 3856 usitatae
935 3791 1057 3853 Treviris
1074 3787 1237 3865 (llisroo.);

56 3917 190 3980 civitates
213 3913 529 4002 primariam-Ancyra,
551 3909 695 3972 Pessinos.

147 4026 179 4085 S:
208 4023 310 4084 Paulus
338 4029 402 4104 post
431 4021 581 4082 concilium
611 4017 828 4100 Apostolorum,
858 4014 1018 4094 priusquam
1045 4011 1073 4070 in
1096 4005 1239 4091 ‘liuropam

58 4130 212 4211 tra'nsiret,
242 4138 269 4196 in
300 4133 343 4194 luis
369 4131 531 4211 regionibus
560 4125 743 4207 Eiangelinm
774 4123 945 4207 praedicavit
971 4125 1015 4197 (a.
1037 4114 1106 4195 51)
1127 4126 1156 4178 ct
1177 4119 1240 4179 lac-
1300 4167 1308 4182 ,

57 4247 171 4308 tissime
199 4253 333 4325 exceptos
366 4241 513 4316 ecclesiam
550 4238 672 4301 fundavit
707 4225 786 4316 (Act.
813 4232 869 4311 lli,
898 4229 936 4310 63
967 4227 1025 4292 Gal.
1049 4226 1088 4305 4,
1112 4223 1176 4302 iu).
1197 4236 1239 4274 ’--

58 4353 172 4418 lievisit
199 4351 312 4416 Galatas
339 4367 412 4414 auco
443 4347 503 4429 54,
534 4367 595 4412 oum
623 4365 673 4431 peu
698 4353 792 4428 partes
821 4343 981 4424 superiores
1011 4339 1097 4400 Asius
1127 4335 1245 4398 mmoris‘
