3156 4934
459 1051 1006 1178 Praelatiuuoula.

647 1353 809 1389 -ooo-

205 1616 300 1716 Jure
319 1631 447 1705 merito
467 1655 571 1704 sacra
589 1631 777 1730 Scriptura
803 1655 825 1703 a
846 1632 880 1702 b.
909 1623 1099 1698 Ambrosio
1127 1617 1205 1712 (De
1223 1615 1314 1692 Fide
1424 1667 1426 1672 ,

144 1749 168 1822 l.
197 1747 265 1821 III.
294 1775 325 1820 o.
346 1753 388 1840 2)
417 1747 502 1820 liber
527 1745 752 1822 sacerdotalis
779 1756 944 1824 vocatum
972 1735 1206 1843 isteetenim
1225 1733 1316 1806 liber

143 1863 378 1938 sacerdotibus
405 1864 562 1936 creditus
591 1875 664 1948 est,
694 1889 763 1962 quo
792 1862 829 1936 at
855 1882 959 1936 suam
977 1859 1138 1958 ipsorum
1159 1851 1316 1924 animam

145 1979 244 2062 alere
270 1979 429 2078 possint,
466 1992 534 2054 uec
568 1978 730 2055 fidelium
756 1982 898 2054 mentes
926 1977 1022 2050 fame
1048 1969 1208 2069 torqueri
1234 1989 1317 2066 per-

141 2097 309 2169 mittant:
345 2095 416 2178 „Ia
442 2094 637 2194 Scriptura
663 2109 785 2170 scutato
811 2107 893 2170 suut
919 2089 1061 2167 deliciae
1088 2085 1205 2194 cerulis
1232 2125 1240 2156 .
1269 2140 1278 2157 .
1307 2139 1316 2156 .

141 2211 324 2287 uberrimo
348 2229 505 2310 pascum
533 2211 591 2308 (S.
619 2215 772 2318 August.
800 2211 848 2286 de
873 2210 1016 2285 Pastor.
1037 2227 1076 2278 c.
1096 2201 1233 2298 XIX).

221 2329 372 2404 Sacram
391 2341 514 2404 autem
532 2327 809 2460 Scp'ppturam'in
829 2327 990 2428 pluribus
1010 2345 1092 2398 esse
1115 2321 1316 2402 obscuram,
1444 2329 1448 2334 ’

143 2445 342 2522 catholicae
370 2435 1013 2556 Ecclesiaq‘xpfflpeusus‘ii*Z'dincassum
1041 2452 1194 2540 negarim
1213 2475 1215 2480 ·
1233 2439 1316 2512 hine

141 2577 181 2639 ut
208 2587 337 2638 sensus
364 2565 432 2638 rite
461 2549 830 2670 adapmlatlmapus
858 2557 1054 2643 estolae,
1084 2580 1193 2657 quam
1213 2553 1318 2628 Chri-

142 2695 218 2755 stus
246 2693 364 2764 tenet;
393 2682 490 2756 nullo
519 2669 927 2768 enini'aliosr'c'serante
954 2677 1150 2777 pandetur:
1189 2673 1318 2758 „Lata
1453 2701 1455 2704 ¹

142 2854 208 2872 ...
237 2822 336 2895 quom
361 2821 460 2888 coum
490 2799 583 2872 alius
610 2795 739 2898 <liparis
761 2789 926 2870 ¹t'uucatas
951 2807 999 2867 est
1031 2790 1167 2890 aperire
1193 2805 1224 2863 et
1249 2791 1317 2864 sol-

78 2973 85 2984 .
141 2908 217 2989 vero
249 2915 434 3016 sipuuculo
465 2911 554 3018 ejas,
591 2913 820 3014 mysterioque
854 2905 1316 2988 comarumcomarum

141 3031 201 3125 (S.
230 3031 395 3108 Ambros.
423 3031 460 3107 in
488 3061 518 3106 c.
546 3029 590 3106 V.
618 3031 756 3131 Apol).
801 3031 908 3106 Hanc
936 3042 1059 3104 autem
1085 3018 1235 3102 Clavem
1262 3028 1321 3101 ina

141 3147 329 3223 fallibilem
345 3144 510 3224 Christus
528 3146 706 3224 Dominus
726 3173 880 3223 imarum
891 3148 1028 3247 Spiritu
1044 3157 1169 3220 sancto
1190 3145 1316 3244 suique

142 3265 309 3366 adjutorii
326 3268 566 3368 promissione
583 3265 774 3342 Ecclesiae
796 3267 996 3340 catholicae
1014 3264 1175 3338 tradidit.
1203 3262 1317 3362 Igitur

141 3399 284 3456 sacram
311 3381 536 3483 Scripturam
562 3384 727 3484 legentes
755 3394 954 3484 sequantur
977 3381 1114 3465 Dacos,
1151 3382 1211 3480 qui
1242 3393 1317 3453 ter-

141 3500 259 3573 minos
287 3499 333 3574 ab
359 3498 529 3575 Ecclesia
555 3499 676 3574 Matre
706 3501 918 3576 constitutos
952 3500 1099 3574 minime
1133 3511 1316 3598 transgre-

142 3606 297 3689 diantur.
402 3633 405 3637 '

218 3729 435 3834 Hujusmodi
474 3749 558 3809 sunt
591 3735 693 3820 hori,
730 3761 820 3836 quos
853 3736 961 3809 modo
988 3737 1094 3836 jussu
1127 3731 1315 3810 Reveren-

1 3885 2 3901 ¹
140 3850 278 3926 dissimi
307 3866 344 3927 et
372 3847 573 3927 Celsissimi
600 3851 647 3927 D.
681 3853 728 3928 D.
755 3851 948 3936 Viacauoii,
975 3851 1163 3950 »Episcopi
1196 3849 1315 3927 Brixi-

139 3970 259 4043 ncnsis
293 3971 429 4070 publici
458 3971 550 4069 juris
587 3991 710 4047 snmus
746 3971 886 4047 actui.
937 3967 995 4045 01.
1026 3980 1172 4056 ,anoton
1206 3996 1314 4070 quem

137 4100 369 4184 praematura
395 4101 511 4162 morte
539 4089 641 4162 nobis
671 4100 835 4189 ereptum
862 4086 1092 4186 deploramus
1112 4131 1155 4142 -·-
1180 4113 1313 4161 annum

138 4203 234 4278 enim
261 4203 487 4305 trigesimum
515 4199 678 4305 quintum
704 4206 763 4280 vix
790 4205 961 4306 attigerat
990 4248 1034 4258 -·
1060 4205 1105 4278 ab
1135 4230 1168 4278 a.
1198 4210 1312 4277 1848.

2 4367 3 4372 =
135 4347 251 4424 usque
280 4327 392 4398 1856.
425 4323 463 4397 in
488 4323 700 4424 Episcopali
728 4323 928 4400 Seminario
955 4320 1161 4397 Brixinensi
1187 4346 1309 4395 sacros
