3034 4934
1101 456 1104 460 ⁴
1198 383 1257 446 lat

89 551 172 619 erant3
194 541 260 604 hinc
282 544 331 604 viri
353 542 427 604 docti
448 558 534 603 novas
555 559 571 600 e
593 549 673 604 textu
694 541 820 618 originali
845 544 989 604 versiones
1009 545 1190 623 publicarunt.
1220 547 1258 610 Ut

87 655 143 730 jam*
166 652 271 727 ingenti
300 639 459 712 occurreret
488 649 658 726 confusioni,
687 659 866 712 sacrosancta
896 651 1025 728 synodus
1054 651 1210 715 Tridentino
1231 657 1259 718 ic

91 776 167 821 sess..
179 757 226 820 IV.
250 758 381 820 decretor
404 759 461 834 ,de
481 759 620 822 canonicis
642 760 806 839 scripturis“
823 757 968 836 vulgatam
988 760 1064 821 velut
1077 761 1258 824 authenticam

71 865 261 952 adprobavit:
287 866 425 947 ,Insuper
440 865 535 928 eadem
548 875 726 928 sacrosancta
742 867 874 944 Sunodus
889 868 1081 946 considerans,
1098 887 1152 930 non
1164 889 1258 950 parum
1291 882 1293 886 ·

88 975 206 1036 utilitatis
228 975 362 1037 accedere
382 995 468 1056 posse
488 975 634 1038 Ecclesiae
655 976 726 1051 Del,
747 977 773 1038 si
787 995 823 1036 ex
838 977 963 1038 omnibus
977 978 1065 1038 latinis
1078 969 1258 1056 editionibus,

88 1101 155 1161 quae
176 1084 422 1160 circumferuntur,
450 1102 593 1144 sacrorum
613 1084 766 1159 librorum,
801 1101 934 1162 quaenam
962 1102 1012 1166 pro
1033 1085 1186 1146 authentica
1206 1085 1261 1164 ha·-

84 1191 172 1254 benda
193 1194 250 1268 sit,
280 1195 450 1256 innotescat:
480 1194 574 1254 statuit
595 1211 627 1254 ac
648 1192 786 1269 declarat,
818 1202 847 1255 ut
866 1192 938 1254 haec
957 1195 1019 1274 ipsa
1045 1202 1124 1256 vetus
1145 1203 1173 1254 et
1195 1193 1261 1254 vul-

86 1286 150 1378 gata
179 1299 276 1377 editio,
310 1319 383 1378 quae
413 1302 500 1379 longo
529 1309 570 1362 tot
598 1301 774 1389 saeculorum
794 1320 847 1364 usu
871 1303 897 1362 iu
919 1305 978 1382 ipsa
998 1300 1124 1362 Ecclesia
1145 1303 1260 1383 probata

83 1419 142 1484 est,
174 1410 201 1468 in
221 1408 339 1490 publicis
361 1410 542 1487 lectionibus,
575 1409 827 1489 disputationibus,
856 1411 1084 1490 praelectionibus
1114 1421 1142 1474 et
1170 1430 1261 1493 expo-

87 1519 232 1580 sitionihos
260 1537 310 1599 pro
338 1516 492 1582 authentica
520 1517 670 1593 habeatur,
701 1528 729 1580 et
759 1527 787 1580 ut
817 1536 898 1580 nemo
927 1518 999 1580 illam
1019 1521 1138 1597 rejicere
1159 1523 1260 1598 quovis

84 1635 226 1708 praetextu
255 1627 354 1688 audeat
376 1629 427 1689 'vel
459 1630 663 1708 praesumant,
691 1625 797 1691 Eadem
825 1644 892 1687 vero
923 1638 1100 1689 sacrosancta
1132 1627 1261 1705 synodus

83 1738 165 1797 etiam
188 1745 299 1795 monet:
332 1744 381 1811 „ut
401 1735 519 1814 posthac
540 1754 619 1797 sacra
641 1738 801 1816 Scriptura,
828 1737 1002 1816 potissimum
1025 1755 1090 1796 vero
1111 1737 1182 1797 haec
1202 1739 1262 1816 ipsa

80 1855 163 1908 vetus
186 1853 216 1903 et
236 1845 348 1920 vulgata
369 1843 481 1922 Editio,
504 1863 585 1922 quam
606 1842 832 1906 emendatissime
846 1846 1042 1925 imprimatur.“
1063 1845 1125 1904 Jam
1139 1843 1260 1904 PiuslV.

80 1964 108 2015 et
130 1953 196 2014 Pius
220 1953 255 2012 V.
281 1953 420 2014 doctorum
443 1957 561 2015 virorum
583 1957 673 2015 coetui
696 1953 896 2014 mandaverunt
925 1952 989 2013 huic
1010 1951 1123 2013 Concilii
1150 1953 1263 2014 decreto

84 2063 253 2143 quantocius
268 2061 445 2133 satisfacere5
468 2061 519 2121 sed
533 2081 594 2122 cum
615 2065 733 2143 prImum
754 2063 909 2122 emendatio
930 2062 1163 2142 ,Septuagintae“
1180 2079 1263 2141 para-

81 2181 180 2245 retur,
206 2171 294 2231 editio
315 2169 453 2250 Vulgatae
475 2179 622 2251 prorogata
650 2171 813 2250 fultusque
836 2170 870 2230 ad
892 2179 1016 2248 tempora
1037 2171 1108 2230 Sixti
1130 2169 1187 2246 V.,
1216 2172 1264 2248 qui

80 2281 137 2341 hoe
160 2279 305 2355 negotium
327 2295 380 2338 non
401 2281 494 2338 solum
516 2281 770 2355 sua'auctoritate,
799 2277 850 2338 sed
873 2287 901 2336 et
921 2280 1029 2356 propria
1050 2293 1131 2342 manu
1153 2285 1264 2337 strenue

76 2389 196 2466 adjuvit.
243 2386 323 2446 Anno
349 2383 437 2448 1590,
461 2387 601 2464 divulgata
631 2405 696 2447 mox
724 2389 771 2448 vix
800 2398 853 2446 non
874 2383 1012 2446 erroribus
1034 2393 1142 2445 scatere
1162 2385 1265 2464 depro-

79 2498 173 2558 hensa
205 2502 268 2569 esl3
297 2494 362 2555 hine
383 2493 532 2572 Gregorius
554 2495 634 2556 XIV.
665 2494 862 2555 emendationis
891 2513 961 2574 opus
989 2501 1154 2573 prosecutus
1174 2502 1218 2554 est
1238 2503 1266 2554 et
1334 2481 1340 2490 ⁸

80 2603 225 2666 Clemens
250 2601 328 2662 VIII.
351 2603 483 2682 perfecit,
514 2607 550 2663 it'a
583 2612 611 2663 ut
632 2620 703 2665 anno
728 2599 818 2664 1592.
850 2602 919 2663 haee
941 2603 1025 2663 editi0
1046 2602 1213 2679 ,normalIs“
1237 2598 1285 2662 in'

74 2715 171 2774 lucem
203 2709 339 2792 prodiret.
385 2711 513 2771 Summus
542 2711 671 2772 Pontifex
700 2710 777 2771 Bulla
807 2711 957 2791 praemissa
985 2727 1163 2789 quascunque
1183 2708 1266 2769 futuri

13 2879 14 2886 χ
77 2823 223 2900 temporis
248 2820 410 2878 mutationes
432 2819 588 2898 praescidit
631 2819 708 2880 llaec
734 2819 817 2911 editio
838 2837 873 2876 en
895 2821 1004 2928 Integre
1025 2827 1118 2878 secuta
1140 2827 1184 2877 est
1203 2826 1269 2878 tex

12 2907 14 2913 Ι
73 2940 190 2989 turns.
217 2925 381 3003 Hieronymi
402 2929 572 3003 originalem

12 3022 13 3026 Ἰ
164 3038 198 3097 2.
227 3034 331 3094 versio
352 3041 480 3115 syriaca
501 3049 619 3098 vocatur
638 3038 811 3097 Peeelvilo
803 3056 822 3095 ι.
839 3054 865 3116 e.
888 3036 1010 3095 litteralis
1025 3035 1167 3114 (opposita
1182 3049 1270 3112 para·

10 3213 15 3228 ,
65 3145 234 3230 phrasibus
258 3169 302 3198 =
327 3150 506 3238 napum),
528 3145 732 3206 verosimiliter
751 3147 870 3206 omnium
891 3146 1048 3204 versionum
1068 3145 1154 3222 prima
1175 3149 1203 3201 et
1218 3160 1271 3203 an-

9 3330 13 3338 ,
66 3276 244 3355 tiquissima
280 3271 363 3347 priori
394 3243 497 3328 saeculi
527 3268 642 3329 secundi
669 3277 748 3347 parte
777 3276 889 3327 exarata
919 3266 980 3330 luit.
1023 3263 1109 3343 Cujus
1135 3266 1271 3326 versionis

63 3390 138 3466 quis
155 3383 263 3444 inerit
286 3388 398 3452 auctor,
423 3379 575 3454 ignoratur.
608 3376 711 3437 Versio
734 3377 791 3456 ipsa
814 3392 924 3434 sensum
947 3372 1064 3434 fideliter
1082 3373 1183 3450 reddit,
1206 3374 1271 3451 quin

5 3497 197 3589 lioguae
223 3488 315 3566 genio
337 3485 454 3556 officina
478 3485 666 3545 desiderantur
676 3502 762 3558 vero,
786 3485 823 3542 uti
841 3484 901 3559 jam
913 3499 998 3562 supra
1020 3483 1168 3556 innuimus,
1188 3483 1273 3559 quin-

5 3623 123 3702 que
146 3600 186 3662 Ν
217 3595 255 3656 Τ.
283 3592 355 3654 libri.

152 3706 188 3768 3.
233 3703 347 3763 Versio
375 3707 499 3774 poetica
529 3635 780 3762 mercedibus
816 3696 941 3774 (318-
951 3693 1026 3770 388)
1062 3694 1273 3774 visigothorum

6 3818 290 3919 (germanicae
313 3811 444 3886 originis)
465 3810 516 3900 luit
535 3813 695 3890 episcopus
739 3809 830 3868 Anno
841 3815 908 3886 post
929 3802 1069 3865 Christum
1090 3811 1182 3864 natum
1202 3799 1274 3863 355.

2 3941 187 4040 gentem
215 3937 320 3984 suam
332 3916 403 3977 lstro
425 3897 544 3996 trajecto
572 3921 601 3978 in
622 3916 757 3978 Moesiam
779 3915 914 3989 traduxit,
945 3912 991 3973 ubi
1011 3930 1074 3972 cum
1095 3911 1202 3990 populo
1223 3928 1274 3971 suo

12 4042 277 4105 Arianismum
315 4028 484 4107 amplexatus
512 4036 565 4088 cst.
610 4025 715 4087 Eodem
744 4033 870 4104 tempore
899 4039 1005 4083 sacram
1032 4020 1199 4098 Scripturam
1217 4038 1275 4091 po-

7 4157 145 4214 thiae
180 4137 332 4208 reddidit.
370 4135 521 4196 Versionis
549 4136 584 4198 A
607 4133 640 4193 Τ.
672 4151 809 4213 perpauca
837 4131 915 4192 nobis
943 4137 1092 4208 supersunt
1112 4128 1276 4205 fragmenta,

6 4253 150 4341 multo
186 4251 281 4336 plur'a
315 4242 350 4304 N
372 4242 403 4303 Τ.
433 4263 458 4303 e.
487 4262 516 4321 g.
545 4251 676 4321 quatuor
683 4241 839 4318 Evangelia
869 4242 911 4314 (iu
932 4237 1033 4318 quibus
1054 4253 1141 4317 pauca
1163 4234 1277 4307 desunt)

13 4381 76 4436 et
101 4366 194 4428 Pauli
223 4351 381 4438 epistolae
402 4354 519 4486 (excipe
540 4351 614 4412 illam
635 4349 670 4410 ad
692 4348 850 4421 Hebraeos)
871 4358 924 4407 etc.
967 4345 1117 4503 Evpggelia
1145 4341 1279 4402 habentur

4 3769 13 3816 pi
