3070 4940
1224 309 1266 384 47

256 477 442 556 Hieronymus
464 476 537 538 huno
557 485 672 539 secutus
694 485 832 539 auctorem
862 476 956 553 addit,
988 477 1121 540 loannem
1149 476 1267 558 priorum

256 586 411 665 Evangelia
433 585 605 668 adprobasse
626 597 654 649 et
675 563 877 664 confirmassc3
910 588 1026 666 insuper
1054 585 1134 648 dicit:
1170 590 1267 646 onius
1299 597 1303 604 ·

256 705 362 758 tantum
392 697 472 772 aunt,
510 698 536 756 in
563 713 617 775 quo
644 713 744 776 passus
776 705 837 772 est,
873 705 938 776 post
974 712 1116 756 carcerem
1142 694 1267 770 loannis,

255 804 397 866 historiam
411 807 535 877 texuisse
547 805 722 880 (lmnnom).
752 806 952 866 Praetermisbo
973 801 1068 884 itaque'
1085 821 1165 880 anno,
1186 805 1266 882 cujus

255 926 317 977 acta
339 934 355 977 a
376 915 464 976 tribus
484 916 617 996 exposita·
630 915 757 992 luerunt,
782 915 932 996 supprioris
951 917 1100 995 temporis,
1123 923 1266 1003 antequam
1379 917 1393 951 '-

252 1025 374 1086 loannes
396 1028 548 1100 mitteretur
569 1027 595 1085 in
617 1041 776 1102 carcerem,
806 1033 889 1101 gesta
912 1026 1048 1101 narravit,
1080 1026 1154 1084 sicut
1177 1025 1267 1084 maui-

254 1135 356 1194 lestunn
378 1151 442 1194 esse
463 1135 563 1213 poterit
586 1113 717 1213 hissqui
738 1133 883 1211 diligenter
904 1131 925 1194 4
945 1131 1156 1211 Evangeliorum
1178 1132 1263 1194 volu·
1324 1107 1326 1116 Α

257 1245 328 1304 rninn
349 1242 476 1320 legerint.
501 1279 537 1292 -
561 1240 744 1316 Quantumuls
765 1242 905 1304 claudicet
935 1241 1003 1304 haec
1029 1243 1124 1303 critica
1151 1243 1267 1322 (quippe

255 1369 318 1412 oum
348 1351 469 1412 loannes
497 1352 595 1414 sallem
624 1352 687 1414 inde
719 1370 734 1412 a
765 1351 815 1412 Vl.
836 1369 897 1433 cap.
919 1360 949 1412 et
968 1352 1152 1412 verosimilius
1170 1353 1266 1428 joma

215 1527 221 1536 ‚
255 1459 302 1520 lv.
325 1463 443 1544 caeteris
464 1460 643 1539 evangelistis
665 1458 874 1546 capillitii-og
902 1463 958 1538 sit,
991 1459 1063 1522 unde
1089 1477 1265 1540 consequens

254 1577 315 1645 est,
339 1573 445 1631 nonnisi
467 1589 528 1652 cap.
552 1568 658 1631 1-111.
682 1572 831 1651 superioris
858 1572 988 1650 ¹temporis
1017 1568 1157 1631 historiam
1185 1587 1267 1631 com-

255 1683 373 1762 plecti),
410 1680 508 1741 exirnle
544 1689 632 1742 brnen
667 1680 761 1757 colligi
791 1653 901 1762 potest,
944 1678 1060 1740 Veteres
1095 1688 1265 1756 autumasse,

255 1809 401 1874 operosam
432 1788 533 1850 Christi
564 1793 647 1850 vitam
677 1809 694 1850 a
728 1792 881 1870 synoptiois
912 1790 1049 1870 depictam
1079 1791 1181 1850 nonnisi
1217 1808 1268 1870 per

238 1907 381 1972 ,nobum
404 1917 503 1960 anuum
526 1899 686 1976 domuisse,
715 1899 790 1977 quod
810 1918 877 1960 vero
898 1903 1038 1962 communi
1059 1901 1210 1962 sententiae
1227 1899 1266 1960 ‘de
1323 1939 1330 1947 -

253 1993 362 2073 triermii
384 2010 527 2072 laboribus
542 2008 696 2071 salvatoris
719 2011 829 2072 minime
849 2014 986 2089 congruit.
1002 2045 1043 2060 -
1064 2010 1127 2087 Quo
1142 2010 1266 2072 exactius

254 2139 298 2183 res
320 2129 438 2197 agatur,
468 2118 634 2200 proferimus
656 2121 740 2182 etiam
769 2138 821 2197 ea,
852 2139 925 2199 quae
946 2124 973 2183 in
994 2119 1134 2183 llurutorii
1157 2116 1268 2181 (lunone

253 2229 288 2292 (le
308 2229 425 2291 loannis
447 2227 601 2318 Evangelio
623 2228 772 2289 habentur:
794 2227 912 2304 „Quarti
927 2227 1139 2309 Euangeliurum
1154 2227 1266 2290 loannis
1373 2267 1376 2274 ·

253 2358 289 2400 ex
309 2339 458 2419 discipulis.
503 2334 716 2400 Cohortantibus
738 2338 933 2420 condiscipulis
955 2348 983 2400 ct
1011 2341 1151 2420 episeopis
1179 2338 1263 2399 dixit:

254 2447 436 2526 conjejunate
458 2447 523 2508 mihi
545 2446 628 2510 bodie
648 2447 754 2524 triduo,
784 2448 895 2527 etquid
917 2450 1019 2529 cuique
1048 2448 1130 2510 luerit
1154 2447 1266 2508 reuela-

253 2570 326 2638 tunr,
357 2560 514 2620 alterutrum
542 2557 623 2620 nohis
651 2577 818 2620 enarremus.
870 2557 976 2620 Eadem
1006 2568 1087 2620 nocte
1114 2559 1264 2620 revelatum
1356 2603 1358 2608 -

141 2729 144 2734 .
256 2668 386 2729 Andreae
413 2686 447 2728 ex
470 2667 631 2747 Apostolis,
665 2675 694 2728 ut
721 2667 990 2745 recognoscentibus
1018 2668 1126 2727 eunetis
1146 2665 1265 2728 hannis

156 2794 171 2818 r
257 2794 309 2838 suo
336 2781 444 2840 nomine
473 2786 571 2847 cuncta
602 2776 800 2840 decentiorem
827 2809 868 2824 ···
898 2775 1019 2839 Exinde·
1033 2776 1098 2856 quid
1119 2775 1262 2852 historiae,

255 2888 355 2966 quidve
377 2888 486 2950 fabulae
507 2887 703 2950 vindicandum
723 2881 775 2965 sit,
799 2885 878 2948 haud,
894 2886 1042 2948 rliflioulter
1062 2887 1171 2946 cruitur.

170 2996 260 3058 Etiam
287 2996 418 3059 indirecta
448 2999 602 3058 testimonia
629 3016 665 3058 ex
692 2997 803 3059 Patrum
833 2997 1031 3074 allusionibus,
1063 2995 1264 3057 haereticorum

87 3109 202 3186 scriptis
224 3115 268 3168 sat
289 3106 366 3168 brrna
387 3107 479 3183 nobis,
500 3106 552 3168 sed
575 3109 622 3167 rin
644 3126 698 3169 non
720 3107 859 3188 superflua
880 3093 1089 3187 suppeditarent
1104 3112 1265 3182 argumenta

89 3219 126 3278 de
147 3219 296 3278 existentia
317 3229 345 3278 et
367 3235 416 3278 usu
439 3216 522 3296 nujus
543 3216 690 3296 Evangelii
712 3217 746 3279 ad
767 3217 918 3280 seeundum
940 3232 1028 3295 usque
1048 3214 1198 3276 saeculum.

627 3445 653 3514 3.
676 3447 726 3510 25.

231 3567 314 3686 ¹Qun
332 3583 580 3685 raonjtennnra,
599 3612 629 3670 ot
647 3610 755 3685 qulbus
767 3583 906 3670 ¹lotunuoe
924 3607 1092 3681 scripseris

173 3759 199 3822 l.
222 3762 402 3840 Euangeliurn
423 3761 538 3825 luanus
562 3768 675 3842 Ephori
696 3763 800 3824 editum
823 3764 926 3838 fuisse,
947 3779 1043 3824 omues
1065 3760 1174 3821 omnino
1195 3773 1265 3818 con-

90 3874 218 3934 sentiunt.
263 3875 332 3934 Sunt
352 3883 443 3934 tamen
466 3875 566 3953 aliqui,
594 3877 641 3954 qui
657 3877 697 3939 ,iu
729 3874 816 3935 insula
845 3872 940 3935 Patmo
967 3871 1156 3951 conscripturo
1185 3865 1265 3928 aibr-

86 3989 171 4041 munt.
202 3977 207 3984 ’
612 3999 618 4008 ·

69 4123 72 4133 ·
132 4097 227 4152 Noto.
257 4089 339 4173 Certe
361 4095 451 4170 magni
474 4095 605 4155 momenti
627 4111 682 4154 uon
703 4103 763 4170 est,
779 4097 883 4154 ‘utrum
912 4092 1056 4171 scripserit
1083 4086 1264 4164 Euangeliou

261 4204 286 4262 in
308 4202 394 4262 insula
411 4201 529 4278 Patrno,
560 4217 599 4262 an·
624 4200 740 4282 Ephesi.
783 4201 890 4279 Meus,
919 4219 975 4280 quo
996 4210 1056 4262 erat
1077 4196 1263 4276 dirigendum,

249 4313 316 4372 sine
337 4311 422 4374 rluhio
445 4309 576 4392 Ephesus
597 4319 648 4375 est.
672 4309 715 4371 cl.
730 4310 857 4372 Patritius
871 4307 912 4376 34
926 4317 1012 4372 testes
1026 4307 1122 4384 attulit,
1144 4291 1261 4384 quorum
