3034 4934
141 309 147 324 ·’
264 329 306 403 ιι

325 503 469 582 2)1ligua
491 502 680 574 Eucharistiae
688 504 861 573 celebratio.
886 502 963 592 li·-
968 501 1047 566 34.

325 607 362 688 3)
384 589 480 676 Ordo
481 615 602 676 internus
614 613 652 674 et
672 623 799 676 externus
821 583 1025 676 charismatum.
1049 613 1168 676 ΧΙῐ.-
1184 613 1260 676 XlV.

349 727 384 784 V.
405 743 483 801 pora
511 723 605 802 (XV.)
631 722 765 786 Defensio
801 724 947 794 doetrinae
975 725 1143 806 apostolieae
1172 724 1207 785 de
1237 727 1435 786 resurrectione

263 836 381 916 ejusque
400 850 487 898 nexus
509 851 571 894 oum
593 841 650 898 tota
672 833 796 899 deonna
817 845 854 899 et
866 835 919 900 uta
942 833 1108 910 christiana,
1130 832 1287 946 etquidem

327 938 359 1016 1)
381 925 504 1020 ejusdem
524 935 679 1006 veritasl
667 937 777 1005 1-34.
888 957 892 966 ·

257 1121 260 1130 ,
323 1051 359 1127 2)
380 1052 505 1131 ejusdem
527 1053 635 1114 modus.
657 1050 736 1116 35-
740 1052 790 1113 58.
870 1125 874 1136 ‚

264 1140 267 1151 ¹
344 1165 571 1241 Poatacriptum
601 1161 726 1238 (xvl.):
763 1151 972 1254 Commendatio
1000 1162 1148 1240 collectae3
1178 1113 1325 1241 quaedam
1340 1181 1435 1244 perso-

137 1359 139 1364 ·
262 1271 352 1361 nalia3
374 1271 574 1352 salutationes3
597 1271 766 1353 subscriptio
788 1271 886 1334 liualis
1429 1337 1432 1343 ,

798 1503 825 1571 i.
850 1500 901 1564 51.

407 1665 520 1726 lterum
538 1664 663 1732 dtuetlo
680 1607 736 1738 pro
754 1663 855 1726 altare
870 1663 1017 1737 epistolas
1036 1665 1103 1735 uos
1121 1664 1287 1727 oonstllaru.

313 1853 314 1857 =
337 1811 375 1894 1.
398 1813 491 1894 Titus,
514 1825 544 1877 ut
565 1815 700 1892 uidimus,
723 1816 758 1877 ab
780 1799 917 1896 Apostolo
939 1814 1104 1878 Corinthum
1127 1819 1229 1879 missus
1252 1817 1359 1892 iuerat,
1381 1818 1434 1877 sihe

262 1923 367 2003 dubio,
388 1935 418 1986 ut
440 1925 570 1988 elieotum
591 1925 725 2007 epistolae
747 1925 851 2006 primae
881 1925 1065 1988 consideraret
1093 1935 1121 1986 et
1148 1901 1342 2008 promoveret,
1376 1925 1435 1986 dum

264 2036 325 2115 ipse
339 2053 397 2122 per
418 2035 608 2099 Macedoniam
630 2037 682 2098 iter
703 2034 840 2113 iaciebat,
861 2035 908 2096 ubi
923 2033 1000 2097 ’litus
1015 2037 1227 2116 eumoonrenit.
1251 2033 1294 2096 Ex
1308 2037 1436 2096 relatione

262 2141 315 2204 Titi
336 2141 495 2234 Apostolus
513 2144 624 2222 didicit,
654 2143 781 2206 effectum
803 2145 938 2225 epistolae
960 2143 1099 2207 diversum
1130 2145 1217 2206 luisse
1244 2147 1272 2206 in
1303 2147 1437 2222 maiorem

262 2255 404 2332 eeclesiae
424 2262 530 2335 partem
552 2263 581 2315 et
601 2255 628 2315 in
656 2255 832 2316 adversarios
862 2273 923 2315 curn
953 2256 1013 2315 suis
1043 2255 1171 2316 asseclis.
1215 2254 1248 2315 ln
1277 2253 1335 2314 illis
1367 2256 1439 2315 euim

259 2365 378 2445 epistola
406 2367 578 2427 excitaverat
607 2364 792 2441 desiderium,
833 2363 944 2440 ilatum,
982 2364 1189 2426 aemulationem
1226 2381 1277 2444 pro
1305 2362 1440 2444 Apostolo

260 2473 340 2548 (Vll.
364 2472 418 2551 t),
451 2482 479 2535 et
505 2473 629 2554 plerique
656 2469 704 2548 (oi
736 2470 881 2546 πλείονες
903 2473 942 2550 2,
972 2471 1007 2548 6)
1038 2473 1213 2554 praestabant
1230 2467 1438 2534 obedientiam.

148 2577 150 2582 ’
261 2579 322 2643 llo'c
349 2581 471 2644 ridentes
501 2582 650 2645 adversarii
679 2584 717 2645 illi
740 2583 847 2645 Judaioi
880 2585 969 2644 cannia
991 2583 1149 2661 tentabant,
1181 2591 1208 2643 ut
1229 2582 1361 2665 Apostoli
1386 2601 1437 2643 au-

261 2693 419 2754 ctoritatem
447 2695 655 2773 imminuerent,
686 2714 766 2756 suam
793 2705 883 2756 autern
913 2687 1125 2775 promoverent'
1157 2683 1229 2754 llino'
1257 2695 1348 2775 primo
1378 2712 1438 2754 eum

191 2823 208 2854 .·
260 2803 428 2865 accusabant
448 2804 572 2867 levitatis
593 2813 621 2865 et
642 2790 842 2882 instabilitatis,
864 2804 941 2892 quod
962 2805 1075 2885 saepius
1098 2801 1236 2889 pollicitus
1260 2803 1351 2863 venire
1374 2821 1438 2884 pro-

261 2910 355 2980 missis
377 2908 524 2994 hucusque
544 2932 601 2975 non
622 2917 754 2976 stetisset.
782 2911 860 2974 Haeo
881 2908 1041 2989 accusatio,
1063 2923 1093 2973 ut
1113 2901 1241 2988 cer'nitur,
1265 2913 1366 2992 carpit
1380 2914 1436 2989 ejus

263 3021 363 3100 agendi
385 3022 498 3083 modurn
519 3024 582 3084 sive
604 3022 801 3084 characterem.
818 3058 857 3068 -
872 3021 958 3084 Porro
979 3022 1148 3084 accusabant
1167 3040 1229 3082 eum
1251 3024 1435 3099 arrogantiae,

261 3133 362 3213 quippe
375 3133 439 3210 qui,
462 3133 590 3210 quamvis
606 3131 689 3194 homo
706 3131 843 3210 inlirmus,
866 3139 941 3194 tauta
957 3151 1024 3193 usus
1039 3139 1116 3193 esset
1131 3131 1228 3192 liduoia
1239 3119 1443 3218 (παῤῥησία)

260 3250 289 3304 et
310 3237 489 3303 auctoritates
522 3241 582 3303 lloo
604 3260 638 3303 eo
658 3242 774 3320 tendit‚'
787 3249 817 3303 ut
838 3243 988 3304 auotoritas
1009 3241 1152 3303 ministerii
1174 3241 1318 3323 apostolici
1339 3243 1446 3321 parvi-

261 3350 407 3430 pendatur.
436 3387 476 3399 -
504 3337 630 3430 Denique
657 3353 730 3413 omni
760 3350 843 3413 modo
868 3352 1017 3416 studebant
1047 3348 1189 3438 detrahere
1210 3347 1287 3411 Pauli
1314 3350 1447 3426 dotibus,

261 3460 385 3538 meritis,
414 3459 555 3520 laboribus
577 3468 652 3539 eto,
691 3469 718 3520 ut
751 3461 824 3523 illum
855 3461 1056 3541 deprimerent,
1089 3478 1122 3520 se
1152 3449 1252 3522 autern*
1273 3459 1445 3522 exaltarent.

261 3565 321 3628 llos
342 3581 488 3650 porsonam
510 3568 642 3650 Apostoli
661 3564 734 3630 ierit.
974 3631 981 3645 ,

342 3677 472 3740 illaec
492 3682 584 3740 omnia
605 3678 680 3741 aliud
701 3697 753 3742 non
774 3681 887 3756 volunt,
922 3681 978 3741 nisi
1005 3681 1189 3758 Apostolum
1216 3685 1299 3742 omna·
1330 3683 1446 3742 Moru

261 3790 459 3868 homonopoc
480 3785 670 3852 auctoritate
688 3794 818 3867 privare
843 3797 873 3850 et
893 3787 1046 3850 ecclesiam
1067 3807 1083 3850 a
1105 3791 1230 3867 legitimo
1251 3788 1375 3850 antistite
1397 3789 1448 3850 di-

261 3914 375 3958 movere
396 3897 430 3958 ad
452 3915 520 3975 eos,
543 3901 589 3978 qui
611 3901 743 3980 seipsos
769 3901 939 3960 intr-arserunt.
983 3895 1019 3960 Et
1041 3885 1138 3960 revera
1157 3899 1262 3976 aliquos
1283 3897 1447 3960 sceleribus

261 3995 401 4068 mnsumis
421 4014 480 4100 pon
502 4009 688 4070 renuntiantes
709 4007 762 4068 sibl
784 4007 984 4086 adjunxerant,
1015 4009 1063 4086 qul
1082 4008 1280 4068 'auctontatem
1308 4005 1447 4086 Apostoli

192 4105 210 4136 ⁸*
259 4115 431 4196 spernebant.
475 4114 533 4180 l'ali
563 4117 647 4180 modo
676 4115 810 4208 alludet
838 4117 949 4195 quidem
971 4121 1179 4178 tristissimum
1199 4118 1332 4176 achiam
1354 4117 1447 4176 mini-

260 4225 382 4304 tabatur,
410 4225 484 4305 quod
515 4227 669 4307 Apostolus
695 4227 845 4307 reprimere
873 4227 947 4288 omni
976 4243 1041 4288 cura
1068 4235 1099 4286 et
1127 4221 1286 4286 mnmdtne
1306 4221 1444 4292 debebat.

260 4329 299 4392 Ut
318 4331 374 4396 hoo
393 4334 537 4411 alliceret,
565 4336 721 4414 praesentia
749 4337 811 4414 ejus
837 4351 910 4416 opor
930 4344 1007 4413 erm,
1036 4343 1076 4396 et
1093 4348 1191 4396 revera
1214 4329 1377 4394 θοιιιιίιιιιι
1402 4335 1446 4392 ire
