3034 4934
256 289 316 354 tat

254 470 323 530 ergo
344 462 388 512 est
410 452 596 531 Apocalypsis
618 451 751 516 ininsula
774 449 888 526 Panno,
918 467 973 528 quo
994 449 1114 512 mannes
1136 459 1262 530 tempore
1283 449 1418 512 Domitiani

254 596 293 608 -
314 581 384 641 ergo
404 561 457 621 sub
478 561 557 621 linem
579 560 683 621 saeculi
706 561 785 640 primi
809 593 847 604 -
870 558 958 620 luerat
979 557 1127 634 relegatus.

791 742 820 814 b.
843 744 893 807 85.

732 849 950 951 manamaur.
1081 823 1085 832 Ι

305 1019 310 1026 ·
338 1005 369 1064 ln
400 1006 567 1084 Apocalypsi
594 1013 690 1065 cuncta
711 1001 893 1085 pulcherrime
913 1011 941 1063 et
961 1004 1165 1064 accuratissime
1185 1004 1219 1064 ad
1243 1022 1326 1065 unam
1350 1007 1421 1066 linem

255 1114 431 1174 contendunt.
469 1111 581 1173 Praeter
601 1113 746 1192 prologum
767 1120 803 1172 et.
815 1111 953 1192 epilogum
976 1111 1138 1172 introductio
1159 1110 1252 1188 adest,
1275 1128 1359 1190 qaam
1378 1132 1422 1172 se-

254 1225 346 1300 quitur
368 1224 427 1303 ipsa
451 1207 582 1283 revelatio
604 1223 724 1300 quiaque
743 1220 865 1302 partibus
887 1228 1026 1280 causans.

338 1335 491 1403 Prosopon
512 1328 559 1407 (l,
584 1329 678 1403 l—8)
699 1325 913 1409 'comprehendit
941 1327 1150 1408 inscriptionem
1178 1337 1206 1386 et
1228 1327 1424 1391 dedicationem

254 1439 288 1500 ad
310 1447 416 1518 septem
440 1439 524 1499 Asiae
546 1439 660 1499 minoris
681 1435 843 1512 Ecclesiae,
873 1436 907 1496 ad
936 1453 1006 1513 quas
1035 1437 1243 1516 praecaeteris
1265 1436 1424 1513 dirigebatur

255 1547 449 1628 Apocalypsis.
480 1551 484 1559 '

221 1639 229 1660 '
268 1675 271 1682 ·
337 1657 533 1716 introducito
553 1650 623 1730 (l,9
638 1693 675 1704 -
690 1649 759 1727 ill.)
779 1652 889 1712 exhibet
912 1654 1056 1728 visionem,
1079 1669 1132 1730 qua
1148 1653 1275 1714 ioannes
1297 1657 1424 1735 conspicit

256 1762 340 1822 liliam
362 1761 497 1838 hominis,
519 1760 645 1834 mandata
665 1759 719 1820 sibi
741 1759 848 1820 daamm
870 1759 906 1820 ad
925 1769 1034 1841 septem
1057 1751 1220 1837 Ecclesiae,
1250 1779 1323 1840 qaae
1353 1781 1425 1824 man-

257 1870 317 1931 data
339 1871 367 1930 in
391 1869 478 1930 forma
499 1878 609 1948 septem
630 1869 806 1951 epistolarum
827 1868 969 1948 adpareat.
1014 1893 1026 1958 ’1

340 1977 364 2038 Α
386 1979 478 2058 capite
499 1976 547 2038 lv.
569 1980 629 2058 ipsa
650 1976 762 2038 inchoat
783 1977 930 2052 revelatio,
956 1977 1096 2057 'incipiens
1119 1994 1187 2037 cum
1214 1979 1426 2058 praeclarissima

256 2065 452 2166 Theophanis:
476 2087 609 2147 Dominus
631 2087 705 2147 Deus
727 2086 825 2146 librum
846 2094 1033 2160 manutenet,
1054 2086 1152 2148 librum
1173 2086 1304 2164 iatomm,
1327 2097 1426 2169 septem

256 2193 357 2271 sigillis
378 2196 538 2271 signatum·
557 2193 658 2254 -Ncmo
678 2203 771 2273 potest
791 2197 901 2276 aperire
921 2193 1025 2271 sigilla,
1046 2195 1099 2254 nisi
1122 2194 1230 2271 Agnus,
1254 2197 1300 2273 qai
1322 2198 1427 2257 occisus

258 2309 317 2377 est3
335 2303 394 2378 jam
416 2303 510 2382 incipit
530 2303 646 2382 aperire.
691 2299 757 2382 Gap.
780 2300 828 2364 IV.
854 2311 886 2368 et.
903 2302 938 2362 V.

344 2408 374 2469 P.
396 2407 417 2468 l.
439 2407 500 2469 deta
521 2411 610 2490 prima
629 2409 744 2470 inchoat
764 2411 852 2470 series
874 2410 1053 2471 evolationis:
1084 2411 1177 2488 sigilla
1203 2429 1254 2471 sex
1282 2411 1426 2472 secundum

259 2517 386 2582 ordinem
401 2517 559 2594 solvuntur,
582 2517 695 2596 etquid
716 2518 892 2595 significent,
914 2519 1083 2598 explicatur,
1106 2519 1228 2580 scilicet:
1250 2519 1367 2596 bellum,
1388 2521 1429 2580 ia-

260 2638 349 2704 mem,
382 2635 490 2707 pestem
518 2636 572 2688 etc.
624 2627 750 2704 Sigillum
785 2635 892 2687 sextum
926 2627 1060 2704 judicium
1092 2630 1237 2689 annunciat
1267 2631 1428 2704 universale,

259 2739 407 2817 septimum
428 2744 519 2796 tamen
540 2735 658 2798 nondum
680 2743 777 2817 potest.
791 2737 920 2812 resemri,
943 2737 960 2795 i.
977 2753 1001 2798 e.
1025 2739 1224 2798 consummatio
1245 2737 1304 2797 lieri
1328 2740 1428 2816 aequb,

258 2846 417 2927 priusquam
446 2845 641 2938 salvandomn
672 2863 822 2921 numerus,
851 2845 911 2905 scil.
936 2841 1074 2922 144‚000
1099 2821 1122 2904 e¹
1144 2844 1286 2907 duodecim
1308 2846 1430 2909 tribubus
1496 2849 1497 2890 ἲ

233 2954 344 3016 -Israel
366 2972 429 3015 cum
450 2953 623 3015 multitudine
644 2955 749 3030 ingenti
773 2952 901 3014 exomni
922 2953 1042 3034 populo,
1073 2952 1161 3014 faerit
1179 2954 1315 3034 impletus.
1359 2954 1432 3016 llaec
1496 3019 1497 3030 ἶ

259 3071 303 3122 est
323 3061 369 3121 lex
389 3061 550 3122 universalis
572 3059 706 3122 historiae
729 3061 890 3122 christianae
912 3079 999 3139 usqae
1020 3061 1054 3122 ad
1075 3065 1335 3126 consummationem
1349 3063 1431 3147 (Gap.

259 3168 309 3232 vl.
331 3180 360 3232 et
381 3167 436 3232 Vll
447 3175 473 3245 J.

313 3281 317 3290 '
340 3278 370 3340 P.
393 3278 430 3338 ll.
454 3279 604 3358 Septimum
625 3277 745 3355 sigillum
767 3279 892 3362 aperitur
913 3287 942 3339 et
962 3281 1006 3339 sic
1021 3280 1133 3341 ulterior
1147 3281 1312 3342 evolationis
1335 3291 1434 3343 catena

259 3389 384 3450 nectitur.
429 3387 541 3466 Septem
563 3387 644 3447 tubae
665 3394 772 3466 septem
795 3388 903 3464 angelis
930 3387 1027 3448 dantur
1047 3399 1074 3450 et
1095 3389 1129 3448 ad
1150 3406 1242 3450 earum
1263 3393 1382 3452 sonitum
1404 3393 1434 3452 lit

259 3471 379 3557 evolutio
401 3495 558 3556 terribilium
575 3487 751 3572 judiciorum.
795 3495 848 3556 Ad.
870 3498 1028 3575 clangorem
1049 3500 1185 3579 septimae
1207 3498 1289 3560 tabae
1310 3499 1363 3576 (X,
1387 3499 1433 3576 t),

259 3607 301 3665 sie
318 3605 392 3678 iurat
413 3604 548 3682 angelus,
571 3599 765 3685 adimplebitur
787 3607 966 3682 mysterium,
988 3607 1060 3684 quod
1083 3605 1159 3666 Deus
1181 3601 1327 3687 Prophetis
1348 3627 1435 3669 reve·
1496 3635 1497 3654 κ

261 3717 375 3782 laverat.
417 3711 503 3773 Vates
525 3713 660 3793 conspicit
681 3713 815 3774 fortunam
838 3714 930 3790 urbis,
962 3734 1042 3792 quae
1068 3725 1199 3776 occatur
1225 3719 1435 3792 spiritualiter·

259 3827 392 3882 Sodoma
423 3829 454 3880 et
479 3821 640 3902 Aepyptus
649 3847 673 3899 ‚⁴
693 3825 746 3882 abi
775 3831 804 3882 et
831 3827 985 3884 Dominus
1016 3825 1192 3902 erumpimus
1212 3836 1260 3888 eat
1287 3825 1358 3903 (xl,
1381 3826 1435 3904 8);

259 3929 368 3990 decima
396 3946 460 4009 pars
489 3925 566 3987 urbis
596 3937 724 3988 vastatur.
767 3929 827 3990 Jam
855 3931 988 4010 septimus
1016 3933 1133 4011 angelus
1154 3934 1216 3996 tuba
1239 3936 1311 3995 canit
1331 3943 1361 3996 et
1382 3935 1436 3996 ad-

259 4041 357 4120 paritio
378 4041 457 4115 regni
479 4035 581 4098 Christi
603 4037 757 4098 celebratur
777 4025 871 4112 (vill.
887 4038 1019 4114 --Xl.).
1102 4087 1105 4094 .

245 4165 249 4171 ·
341 4146 372 4208 P.
396 4144 448 4208 lll.
472 4146 547 4208 llaec
568 4163 632 4228 pars
653 4146 839 4207 intermediam
860 4146 972 4209 exhibet
991 4151 1139 4212 actionem.
1178 4153 1292 4212 Satanas
1316 4152 1435 4226 (draco)

258 4255 403 4316 mulierem
425 4256 487 4316 sole
508 4255 646 4333 amictum,
670 4252 864 4336 Christumque
884 4256 1028 4334 edituram,
1050 4257 1191 4339 observat,
1216 4268 1267 4336 ,ut
1287 4277 1352 4320 cum
1373 4279 1428 4342 pe-
