3070 4940
814 551 842 621 i.
864 549 915 616 27.

699 717 743 777 lto
759 716 887 780 ternu
904 713 1042 779 munde.

364 867 425 964 lloc
452 903 588 981 conjicere
606 868 763 982 'possumus
792 897 890 982 partim
926 914 962 957 ex
990 894 1070 955 dictis
1099 873 1288 970 evengelistae
1316 887 1401 968 ipsius
1429 893 1455 944 et

282 1010 374 1074 indole
396 1011 475 1089 libri,
498 1012 597 1090 purtim
618 1029 654 1071 cx
674 1008 812 1072 scribendi
832 1009 981 1070 occasione
1002 1004 1161 1081 etantiqua
1182 999 1336 1062 traditione.

366 1145 394 1209 l.
417 1146 597 1227 Evangelistc
617 1147 678 1228 ipse
699 1149 726 1207 in
746 1147 800 1208 llne
820 1143 969 1224 Evangelii
988 1143 1025 1204 de
1044 1157 1096 1202 suo
1117 1138 1303 1200 consiliosus
1323 1135 1455 1195 certiores

281 1257 378 1320 reddit.
421 1255 535 1334 „licem
563 1259 669 1336 inquit,
699 1259 800 1340 scripto
830 1263 912 1332 suut,
944 1263 973 1314 nt
1000 1251 1138 1327 credetis,
1168 1249 1233 1327 quio
1262 1245 1346 1306 lesus
1374 1238 1455 1302 esto

282 1365 421 1452 Χριστός
442 1367 514 1430 filius
535 1367 603 1444 Dei,
633 1374 661 1426 et
686 1375 715 1426 nt
744 1366 889 1428 credentes
917 1367 1003 1425 ritem
1033 1361 1158 1423 habentis
1185 1359 1212 1418 in
1242 1357 1351 1418 nomine
1373 1353 1456 1430 ejus“

282 1476 351 1556 (20,
374 1472 439 1551 311).
483 1476 627 1557 duplicem
656 1493 726 1554 ergo
755 1477 898 1554 veritatem
929 1473 1071 1554 proponit:
1101 1479 1135 1539 n)
1163 1469 1226 1547 quin
1252 1465 1339 1526 lesus
1365 1471 1410 1523 est
1440 1458 1456 1522 ὁ

281 1582 421 1672 Χριστός
448 1595 477 1648 et
505 1586 539 1664 b)
561 1587 625 1666 quic
645 1584 721 1646 Idem
750 1593 794 1646 est
821 1584 886 1644 lons
915 1593 944 1644 et
971 1581 1134 1663 principium
1161 1594 1244 1638 verce
1272 1576 1353 1636 vitae.
1397 1571 1457 1631 Hoc

282 1714 348 1757 esse
374 1699 559 1775 primarium
588 1697 751 1768 Menoetii
781 1696 944 1784 coepitium
952 1737 965 1772 ,
995 1693 1095 1770 cuique
1115 1689 1216 1778 legenti
1241 1685 1323 1748 lucile
1343 1682 1457 1763 patebit,

283 1823 346 1866 cnm
368 1803 454 1867 hasce
475 1807 607 1866 ueritates
630 1805 656 1864 in
677 1802 796 1881 siugulis
818 1802 880 1864 libri
902 1801 1026 1882 pertibus
1047 1801 1143 1859 iterum
1170 1804 1253 1875 etque
1280 1796 1380 1855 iterum
1409 1811 1458 1853 re·

284 1933 393 1986 currere
415 1915 521 1977 viderit.
545 1913 582 1995 Et
602 1916 677 1996 prius
698 1913 808 1993 quidem
830 1914 932 1974 evincit
952 1908 1099 1972 relerendo
1111 1907 1184 1969 dicte
1205 1915 1233 1966 et
1253 1905 1327 1967 lectu
1344 1901 1457 1980 Christi,

283 2042 355 2105 quoe
376 2024 497 2087 dionem
519 2025 581 2102 ejus
602 2032 725 2086 naturam
746 2023 864 2084 maxime
880 2019 1014 2102 produnt,
1036 2026 1065 2080 et
1079 2017 1201 2101 pmprics
1214 2014 1341 2094 ejusdem
1354 2015 1458 2074 tenoris

283 2133 519 2196 considerationes
542 2131 733 2220 admiscendo.
777 2131 919 2208 Altemm,
939 2129 1016 2191 dnm
1038 2125 1177 2189 Christum
1204 2124 1327 2188 ostendit
1347 2123 1460 2185 medic-

283 2247 369 2304 lorem
391 2241 500 2304 intimae
520 2243 628 2304 unionis
650 2243 721 2302 inter
740 2241 828 2303 Deum
849 2251 878 2303 et
900 2225 1045 2318 homines,
1067 2241 1200 2300 cisimus
1221 2239 1250 2298 iu
1264 2235 1324 2296 Deo
1344 2233 1459 2294 ctDeus

284 2351 313 2412 in
334 2351 433 2429 nobis3
455 2353 482 2414 in
503 2369 558 2431 qno
581 2351 707 2414 couslstlt
727 2369 791 2413 vere
813 2353 867 2412 vito
887 2359 915 2410 et
934 2351 1025 2411 omnis
1047 2347 1245 2438 consummatio
1265 2343 1457 2426 perfectionis.

325 2495 416 2552 Noto.
447 2488 528 2565 Quod
558 2497 588 2551 ut
616 2490 704 2578 megis
733 2487 896 2550 dilucidetur
925 2503 957 2548 ec
988 2485 1205 2560 demonstretur,
1241 2500 1330 2563 panca
1357 2479 1460 2542 addere

447 2601 535 2678 juvet
579 2595 670 2660 Prima
697 2597 808 2659 loannis
835 2595 988 2659 sententia:
1020 2595 1121 2674 lesus
1149 2603 1192 2656 est
1213 2591 1360 2670 Christus,
1391 2591 1460 2652 lilius

448 2708 557 2769 llei“'
549 2729 577 2771 m
608 2710 726 2770 coeteris
748 2726 858 2788 quoque
879 2706 1071 2785 Evangelist'is
1094 2704 1242 2766 identidem
1263 2705 1407 2780 occurrit
1436 2704 1460 2762 in
1508 2767 1509 2810 p

447 2817 555 2881 Joanne
576 2809 644 2882 vero
665 2819 748 2881 modo
769 2838 880 2903 prorsus
893 2823 1057 2897 peculiari.
1080 2816 1151 2878 Dum
1173 2819 1245 2876 enim
1267 2813 1370 2875 inillis
1393 2813 1459 2875 lueet

448 2930 583 3006 sententia
605 2937 650 2989 esi
671 2934 793 3008 ultimo,
822 2938 949 3007 tanquam
977 2929 1053 3002 finio
1082 2928 1165 2988 totius
1195 2925 1354 3000 decumae,
1390 2919 1452 3002 epil

449 3036 580 3098 Joannenr
610 3041 733 3098 initium
766 3035 883 3099 hebetur
919 3047 1003 3116 atque
1034 3040 1256 3122 principium
1282 3033 1352 3094 uum
1393 3029 1461 3113 apud

451 3157 578 3208 caeteros
594 3164 610 3206 e
625 3145 778 3207 visibilibus
792 3155 889 3207 netum
905 3146 1089 3228 adpetentium
1105 3147 1202 3224 conjici
1217 3131 1330 3226 potest‚'
1340 3143 1464 3206 loannes

431 3265 586 3350 ‘nunquam
606 3274 660 3317 non
681 3275 698 3317 c
719 3255 871 3318 visceribus
893 3264 920 3316 et
941 3257 1004 3336 ipsc
1016 3275 1105 3318 rerum
1128 3265 1225 3319 nolum
1241 3255 1368 3334 ,usinum
1391 3271 1466 3315 cou-

450 3367 538 3426 stmit.
583 3363 694 3427 (laeteri
723 3364 863 3426 historiam
893 3367 972 3445 quasi
999 3365 1034 3426 cb
1062 3365 1131 3428 'urim
1158 3363 1317 3440 aedificant,
1340 3364 1466 3426 locunes

452 3492 520 3535 vcro
541 3475 657 3536 condem
678 3492 695 3535 c
716 3483 812 3538 centro
834 3475 927 3538 diuino
953 3477 982 3536 iu
1003 3493 1091 3554 genus
1113 3474 1257 3536 humanum
1278 3473 1400 3535 deducit.
1427 3517 1467 3526 .-

450 3581 528 3644 Finis
557 3587 668 3662 generis
696 3583 824 3661 humani,
850 3557 996 3647 ¹cc'verne
1024 3587 1098 3645 vitoe
1125 3583 1187 3644 iden
1214 3585 1243 3644 in
1263 3581 1286 3648 1.
1309 3601 1354 3664 ep.
1382 3580 1412 3660 l,
1439 3579 1468 3645 3.

450 3695 623 3772 pronuntiata
649 3701 711 3754 est:
742 3702 792 3771 „ut
818 3695 939 3756 societas
969 3689 1005 3778 (ἡ
1024 3694 1187 3770 κοινωνία)
1217 3702 1309 3756 nostre
1335 3693 1374 3753 sit
1403 3710 1470 3752 cum

452 3799 531 3865 Patre
552 3811 581 3865 et
602 3822 663 3865 cum
684 3802 774 3866 urtice
796 3813 850 3865 eto.
874 3801 960 3881 Cujus
982 3805 1093 3865 unitatis
1113 3804 1246 3866 mediator
1266 3812 1309 3866 est
1322 3797 1470 3881 Christus,

451 3918 479 3972 et
499 3921 615 3993 propter
636 3912 663 3973 id
684 3897 775 3995 ipsom'
794 3913 864 3973 vitae
885 3913 1056 3994 principium.
1083 3911 1165 3976 Haec.
1180 3921 1268 3974 autem
1290 3915 1382 3975 unitas
1404 3916 1473 3975 sive

452 4023 515 4082 unio
531 4020 638 4102 duplici
653 4020 756 4097 modo,
778 4024 875 4082 ideali
894 4022 954 4083 scil.
977 4030 1005 4083 et
1025 4027 1106 4085 reoli
1126 4021 1278 4104 perficiturt
1300 4032 1329 4083 et
1349 4023 1474 4102 quidem

447 4125 553 4207 {decli}
575 4147 658 4209 quom
681 4129 764 4191 lesus
785 4132 824 4194 sit
845 4131 962 4211 „plenus
983 4133 1087 4209 gretiae
1108 4141 1135 4194 et
1153 4133 1306 4209 veritatls“‚
1326 4135 1389 4194 imo
1405 4135 1474 4215 ipse

326 4241 329 4251 '
382 4233 384 4238 ’
451 4230 609 4301 veritos'ct
632 4229 771 4322 plenitudo
794 4242 909 4318 gratiae,
931 4249 958 4301 et
979 4239 1061 4302 homo
1082 4259 1133 4324 per
1148 4241 1230 4304 lldem
1251 4251 1278 4303 et
1299 4241 1473 4305 charitatem

452 4364 514 4408 cum
536 4347 635 4410 eodem
659 4350 770 4413 unietur.
804 4348 880 4412 llnec
902 4351 992 4414 unitas
1014 4368 1089 4412 mere
1111 4351 1209 4412 idealis
1231 4351 1291 4412 sive
1311 4352 1475 4431 spiritualis
