3034 4934
273 277 334 342 138

272 444 307 506 ari
335 461 410 504 mare
437 442 664 504 mediterraneum
693 451 721 504 et
749 445 777 504 in
797 441 867 504 Aria
897 444 1000 505 minori
1028 454 1105 505 erant
1131 447 1212 506 sitae.
1257 443 1325 504 Tam
1345 443 1425 504 iloto

271 569 354 631 quam
376 550 509 612 baeretici
531 569 595 612 mor
616 550 684 610 tales
707 550 830 612 habuere
852 550 1050 626 collectiones,
1072 551 1098 612 e'.
1120 571 1163 630 gr.
1187 559 1315 630 tempore
1334 548 1426 626 Trajari

271 661 337 739 imp.
359 655 418 731 (98
437 691 474 705 -
491 655 567 733 tlt)
596 657 783 738 Philippenses
809 667 837 718 et
863 660 1064 736 Smymeuses,
1096 668 1218 740 tempore
1246 659 1372 719 Antonini
1397 658 1428 718 Pii

272 763 470 842 (138-161)
491 765 622 828 Marcion.
665 765 771 828 Eximio
794 767 1009 848 apostolicorum
1037 769 1201 849 scriptorum
1233 769 1392 846 praestantia
1410 771 1430 827 in

272 894 306 936 eo
328 875 517 952 consistebat,
550 885 579 936 ut
607 893 670 936 mox
698 877 786 937 sacris
807 876 921 953 Antiqui
949 874 1116 938 Testamenti
1146 875 1224 936 libris
1253 885 1430 954 aequarentur,

272 987 345 1045 siout
361 987 419 1062 jam
442 1003 467 1044 s.
491 983 586 1044 Petrus
608 983 664 1044 divi
683 983 759 1044 Pauli
782 983 915 1064 epistolas
937 985 1006 1044 inter
1025 981 1150 1065 γραφάς
1170 983 1293 1046 collocat
1307 983 1358 1060 (ll.
1370 983 1430 1044 Petr.

273 1090 304 1168 3,
330 1090 377 1154 15.
403 1090 466 1166 16).
490 1090 593 1151 Pariter
614 1089 781 1169 legebantur
802 1093 828 1151 in
850 1091 980 1152 ecclesiis
1002 1091 1118 1170 aliisque
1140 1093 1282 1170 religiosis
1304 1091 1434 1167 coetibus3

272 1203 318 1279 qui
341 1200 451 1279 quidem
474 1200 561 1261 honos
583 1203 665 1262 etiam
687 1200 824 1262 nonnullis
854 1202 914 1261 aliis
936 1201 1073 1278 clarorum
1100 1203 1217 1261 virorum
1239 1203 1355 1289 scriptis
1375 1219 1434 1260 con-

273 1310 337 1385 tigit
364 1327 389 1368 e.
417 1327 446 1386 p
474 1309 608 1389 epistolae
633 1327 660 1369 s.
691 1308 856 1385 Clementis3
888 1318 932 1370 ast
959 1328 1009 1391 pro
1038 1308 1175 1370 catholica
1205 1309 1260 1371 lide
1290 1317 1434 1386 argumenta

273 1417 383 1477 nonnisi
406 1435 442 1476 er
463 1417 564 1478 divinis
586 1419 698 1499 seriptis
723 1415 833 1479 bannire
855 1417 941 1479 licuit.
1045 1499 1049 1506 ι

808 1649 835 1714 b.
859 1650 909 1712 89.

440 1809 630 1869 launerattu
648 1809 919 1882 antiquissimorum
937 1823 963 1869 ι
980 1809 1120 1870 libroruin
1136 1808 1274 1869 mitum

356 1960 485 2038 indices,
513 1965 562 2041 qui
592 1981 626 2024 ex
653 1971 779 2043 tempore
800 1971 861 2024 ante
882 1958 1037 2024 Concilium
1058 1961 1206 2024 Nicaenutn
1228 1957 1348 2037 (325),
1377 1960 1441 2038 quod

275 2073 365 2151 primo
387 2069 525 2132 Cononem
547 2071 785 2151 circumscripsit,
808 2072 841 2134 ad
865 2089 915 2132 nos
936 2077 1136 2152 pervenerunt,
1159 2079 1225 2130 sunt
1244 2058 1407 2146 sequentes:

358 2178 378 2238 1.
402 2177 489 2240 Index
517 2177 661 2262 cujusdam
689 2181 815 2255 anonymi
844 2199 879 2240 er
899 2177 1026 2240 Ecclesia
1046 2158 1187 2253 Romana,
1215 2177 1319 2255 quique
1341 2177 1443 2236 nomine

275 2287 447 2362 fruqmerrtr’
467 2290 683 2350 Muratora'om'
704 2289 795 2363 venit,
816 2290 842 2347 si
864 2305 917 2348 non
936 2285 990 2348 sub
1011 2287 1092 2348 linear
1108 2286 1211 2346 saeculi
1225 2284 1355 2361 secundi,
1377 2292 1443 2344 certe

275 2403 366 2454 tamen
388 2395 501 2454 ineunte
521 2395 633 2458 saeculo
653 2396 734 2456 tertio
755 2396 847 2475 lingua
874 2395 955 2457 latina
976 2395 1028 2457 sed
1048 2395 1223 2457 vehementer
1244 2393 1361 2456 barbam
1381 2411 1444 2452 eon-

275 2504 397 2582 seriptus
426 2501 486 2563 luit.
537 2503 582 2564 Ab
610 2505 688 2565 initio
717 2512 746 2564 et
771 2506 798 2564 in
829 2504 883 2566 bne
911 2505 989 2583 plura
1017 2504 1133 2582 dosunt;
1148 2502 1337 2564 vnihilominus
1360 2503 1445 2561 omnia

275 2612 377 2690 scripta
405 2619 498 2672 nostra
527 2610 657 2688 cohibet,
693 2615 793 2692 excipe
828 2612 977 2674 secundam
1009 2613 1157 2693 epistolam
1185 2610 1258 2671 Petri
1286 2619 1315 2670 et
1344 2611 1447 2670 tertiam

276 2717 406 2794 loannis,
435 2717 470 2778 de
492 2719 590 2800 quibus
612 2738 663 2782 nos
685 2729 781 2784 auctor
802 2725 830 2783 in
852 2723 956 2784 incerto
977 2723 1121 2801 relinquit,
1153 2739 1205 2784 nec
1230 2739 1284 2782 non
1306 2721 1447 2802 epistolam

276 2826 311 2887 ud
331 2825 492 2904 Hebraeos,
514 2844 597 2906 quam
617 2829 724 2907 penitus
745 2828 906 2910 repudiasse
926 2828 1044 2890 videtur.

359 2933 396 2998 lL
419 2935 500 2995 Alter
520 2933 616 2996 Canon
639 2945 684 2996 est
705 2939 866 3017 Ortqeuis,
888 2938 931 3000 bis
953 2938 988 2999 ab
1009 2939 1072 3018 ipso
1092 2939 1207 3014 citatus3
1228 2936 1318 3017 prima
1338 2935 1405 2994 vice
1425 2933 1448 2992 in

276 3045 396 3124 septima
417 3043 533 3105 Homilia
554 3045 582 3104 in
601 3043 699 3104 librum
720 3044 821 3123 Josue,
852 3045 898 3107 ubi
925 3064 1021 3108 omnes
1050 3055 1080 3106 et
1100 3044 1203 3123 singuli
1224 3043 1320 3120 viginti
1341 3049 1449 3120 septen

277 3153 311 3214 N.
333 3151 364 3212 Τ.
386 3151 451 3214 libri
471 3153 580 3214 nomine
601 3152 768 3234 adpellantur
775 3172 784 3232 3
811 3153 896 3216 altera
918 3157 979 3216 vice
1000 3157 1027 3216 in
1047 3153 1131 3229 loco,
1158 3170 1240 3231 quern
1259 3149 1402 3212 Eusebius
1423 3153 1450 3210 in

277 3259 351 3324 ilist.
373 3259 452 3320 licei.
474 3258 525 3336 Vl,
547 3260 587 3324 25
608 3253 742 3342 producit.
766 3262 826 3343 Hac
846 3265 996 3325 occasione
1018 3265 1181 3326 mentionem
1201 3261 1268 3322 iacit
1288 3259 1326 3320 de
1348 3259 1450 3334 dubiis,

277 3386 349 3447 quae
378 3368 498 3429 nonnulli
526 3370 598 3430 circa
629 3371 779 3437 secundam
793 3373 952 3452 epistolam
984 3372 1074 3449 Petri,
1110 3369 1255 3432 secundam
1287 3379 1318 3430 et
1346 3371 1450 3430 tertiam

276 3475 407 3554 ioannis,
429 3495 481 3539 nec
501 3496 557 3539 non
578 3487 606 3539 et
626 3478 702 3540 illam
724 3478 823 3554 Jacpbi
845 3467 996 3542 moverunt.
1027 3523 1034 3532 .
1068 3499 1073 3507 ·
1124 3537 1128 3540 .

359 3584 409 3647 111.
432 3585 606 3649 Tertius-cst
626 3588 674 3648 ille
695 3589 832 3650 ecclesiae
853 3591 981 3668 syriacae
1002 3609 1037 3650 ex
1055 3590 1197 3665 versione,
1219 3605 1292 3666 quae
1306 3586 1449 3648 Pesclrito

278 3695 442 3758 inscribitur.
466 3685 586 3757 Cunctos
608 3705 718 3757 nostros
740 3698 860 3758 continet
881 3698 966 3784 libros
988 3706 1099 3778 praeter
1119 3697 1308 3778 Apocalypsin
1329 3706 1360 3756 et
1379 3715 1450 3774 qua-

278 3815 339 3868 tuor
359 3804 493 3887 epistolas
515 3804 684 3881 oatholieas‚
707 3821 789 3883 quum
810 3795 849 3865 er
867 3806 947 3866 hisce
968 3807 1072 3867 nonnisi
1095 3806 1210 3886 epistola
1230 3803 1343 3881 Jacobi,
1366 3809 1449 3885 prima

277 3912 351 3975 Petri
372 3923 399 3974 et
420 3917 506 3994 prima
526 3911 642 3974 ioannis
662 3914 689 3974 in
711 3912 807 3974 eadem
827 3922 980 3976 occurrant.

359 4021 406 4084 tv.
430 4022 549 4097 Quartus
572 4021 680 4082 demum
701 4031 729 4082 et
749 4031 898 4083 memoratu
926 4022 1107 4101 dignissimus
1129 4020 1225 4084 Canon
1246 4032 1290 4084 est
1310 4029 1450 4106 maeoti,

267 4134 324 4209 qui
345 4131 488 4222 historiam
510 4132 623 4210 scripsit
643 4132 882 4208 ecclesiasticam,
906 4143 934 4194 et
950 4132 1063 4213 proinde
1080 4151 1136 4196 non
1150 4152 1219 4194 snae
1232 4141 1336 4194 tantum
1356 4137 1450 4196 ccele-

277 4223 339 4300 siae
359 4237 536 4322 traditiones,
558 4239 640 4300 sicuti
655 4240 755 4302 meteri
770 4242 899 4321 priores,
920 4241 972 4303 sed
987 4259 1160 4302 communem
1175 4241 1295 4304 omniurn
1310 4245 1450 4326 expressit
