3070 4940
293 529 384 586 Note.
413 519 457 582 cr.
489 520 536 582 ltr.
564 517 729 597 llaoeberg:
760 512 902 599 „iEctiudu
929 511 1002 578 einer
1028 507 1179 592 dicidulthle
1208 511 1255 575 bet
1283 505 1426 588 hibiiichen

395 626 654 708 amnuerunt,
680 626 709 689 2.
733 621 811 704 atrro
837 620 1023 707 &mersburg
1046 618 1135 686 1852.

798 868 826 935 i·
850 868 878 931 3.

284 1011 533 1096 vintroductionis
551 1031 680 1096 emulum
698 1031 876 1101 accersitus
894 1030 1092 1106 desumetumu
1110 1030 1241 1102 uaedam
1259 1029 1374 1090 ennete.
1399 1013 1402 1020 ’

333 1184 500 1246 introductio
521 1185 602 1246 nobis
630 1193 676 1245 est
703 1183 814 1246 historia
844 1183 1037 1259 revelationis,
1066 1190 1145 1262 prout
1174 1181 1297 1262 deposita
1326 1183 1426 1242 estin

249 1295 328 1356 libris
348 1296 446 1356 sacris.
489 1294 555 1360 lude
576 1297 747 1376 potissimum
770 1293 870 1373 duplex
899 1291 1105 1353 introductionis
1128 1309 1223 1352 munus
1245 1293 1361 1352 emiter:

375 1401 400 1466 l.
424 1403 552 1484 Explicet
573 1403 715 1464 historiam
737 1422 763 1463 s.
787 1403 935 1479 librorim5

373 1511 402 1574 2.
426 1511 567 1572 historiam
589 1513 650 1572 siue
670 1529 769 1572 nexum
791 1487 982 1573 successivum
1011 1509 1184 1572 revelationis
1206 1511 1301 1590 ipsius.

334 1617 359 1680 l.
381 1619 529 1697 Negotium
551 1622 708 1702 primarium
730 1619 939 1682 introductionis
962 1627 1007 1680 est
1035 1617 1141 1678 tradere
1168 1621 1326 1678 maiomam
1353 1623 1427 1678 lite-
1530 1607 1531 1637 ¹

249 1733 367 1790 romam
392 1747 524 1789 sacram.
567 1728 640 1790 Libri
656 1731 742 1790 -euim
771 1732 843 1790 sacri
870 1739 935 1790 sant
963 1729 1041 1807 quasi
1068 1745 1152 1804 vasa,
1189 1744 1260 1806 quae
1288 1725 1428 1788 debemus
1501 1778 1531 1800 ‚r

248 1839 407 1918 suscipere,
429 1838 587 1918 priusquam
608 1836 800 1900 exhauriamus
822 1837 897 1917 quod
918 1839 1074 1914 coutinent3
1095 1844 1160 1897 sunt
1181 1837 1259 1914 quasi
1274 1835 1427 1898 substruc-

248 1949 356 2022 tiones,
382 1946 480 2026 quibus
502 1947 659 2026 impositum
681 1958 725 2007 est
746 1929 921 2010 revelationis
949 1946 1114 2008 aedificium.
1158 1945 1304 2024 Negotium
1334 1956 1425 2008 autem

195 2111 196 2114 ,
248 2055 440 2132 huiuscemodi
463 2053 595 2116 historiae
617 2074 711 2116 mesos
733 2065 776 2116 est
798 2059 977 2137 tripartitume

310 2181 336 2224 a.
369 2167 560 2224 Hister-teum
590 2165 686 2225 stricte
715 2165 778 2227 tale.
829 2163 1041 2244 inspicientibus
1077 2164 1148 2226 euim
1179 2162 1305 2224 codicem
1332 2162 1367 2224 N.
1390 2163 1423 2225 Τ.

299 2297 304 2306 ·
371 2273 451 2334 nobis
473 2273 603 2352 quaestio
624 2282 684 2350 est,
707 2255 761 2352 qna
781 2275 886 2334 maone
907 2281 983 2334 orms
1005 2274 1042 2333 sit
1062 2281 1090 2334 ct
1110 2271 1180 2334 hanc
1201 2271 1316 2332 iormam
1338 2289 1427 2334 acce-

370 2381 449 2462 perit.
496 2381 671 2458 Singulorum
693 2381 823 2443 libmram
853 2377 994 2462 quaeritur
1017 2389 1131 2458 auctor,
1161 2388 1269 2460 tempus
1298 2381 1424 2458 originis,

371 2490 494 2552 locorum
524 2492 765 2567 circumstantiae,
795 2492 925 2566 occasio,
952 2508 1063 2571 scopus,
1113 2488 1285 2564 Quaeruntur
1312 2491 1426 2551 vicissi-

370 2600 478 2661 tudines
500 2609 528 2662 et
549 2600 624 2677 iate,
654 2619 703 2681 per
718 2578 796 2678 ¹quaa
816 2600 990 2661 saeculorum
1013 2599 1130 2661 decursu
1152 2601 1178 2659 in
1199 2608 1308 2660 nostras
1330 2617 1419 2662 masas

341 2710 542 2796 fdevenerant
562 2719 615 2772 etc.
659 2709 764 2772 Omnes
786 2713 855 2772 istae
876 2710 1055 2789 quaestiones
1081 2717 1145 2769 sunt
1172 2708 1341 2785 historicae,
1373 2727 1424 2770 uec

370 2819 450 2880 aliter
470 2837 503 2879 ac
523 2835 559 2879 ex
579 2820 692 2882 historia
714 2821 788 2882 solui
809 2827 932 2901 possunt.

310 2927 339 2988 b.
372 2932 531 2989 Culicem.
556 2927 656 2990 critica
669 2928 714 2988 nil
736 2928 808 2988 allud
830 2938 893 3007 est,
915 2945 997 3006 quam
1019 2927 1160 2989 discussio
1181 2936 1210 2987 et
1232 2925 1352 2988 laudatio
1372 2925 1427 2986 ali-

371 3038 452 3115 cujus
468 3035 573 3115 Judicli.
615 3037 676 3101 lam
700 3055 890 3117 quaecumque
909 3051 976 3098 sana
998 3036 1115 3098 historia
1136 3038 1235 3098 critica
1254 3055 1350 3098 carere
1369 3055 1424 3098 non

372 3154 482 3227 potest·;
504 3163 538 3207 eo
560 3148 651 3207 minos
673 3155 763 3210 anun
785 3147 897 3208 historia
918 3146 1047 3207 libromm
1068 3146 1102 3207 N.
1121 3145 1174 3224 Τ.,
1196 3165 1252 3227 quo
1272 3147 1348 3228 plina
1363 3155 1427 3210 suut

373 3258 399 3316 in
420 3254 474 3316 hoc
495 3273 599 3333 geuene
619 3258 742 3334 incerta,
771 3258 927 3338 impugnata
948 3265 977 3316 et
997 3255 1171 3337 praejudiciis
1192 3265 1349 3322 novatorem
1370 3256 1427 3318 olt-

369 3365 499 3429 nubilata.
544 3365 647 3446 Utique
663 3367 795 3446 judicium
824 3385 979 3448 supremum
1002 3384 1017 3426 a
1039 3368 1132 3427 critica
1153 3375 1246 3428 nostra
1275 3383 1330 3426 nou
1353 3359 1427 3445 pcn-

276 3475 279 3480 '
371 3473 436 3551 det,
459 3475 531 3549 uelut
552 3475 624 3556 apud
646 3475 827 3553 acatholicos,
848 3476 903 3537 sed
920 3475 1071 3537 indubitata
1093 3475 1147 3536 fide
1168 3477 1319 3556 accipimus
1339 3475 1426 3536 libros

371 3583 406 3644 de
428 3600 507 3643 manu
529 3583 675 3646 Ecclesiae
699 3593 727 3646 ut
747 3589 882 3664 genuinos
909 3595 938 3646 et
965 3589 1158 3666 incorruptos3
1186 3569 1303 3646 attamen
1331 3586 1426 3646 critica

372 3707 423 3770 per
443 3692 583 3752 scientiam
607 3693 703 3770 inicit,
733 3695 810 3773 qood
833 3694 978 3756 Ecclesiae
999 3695 1149 3756 auctoritas
1171 3693 1290 3774 praebet.

313 3817 338 3860 c.
374 3803 597 3874 succenseam.
627 3800 787 3865 (lunicius
809 3804 892 3865 libros
913 3821 1009 3865 revere
1031 3814 1060 3866 ut
1081 3803 1188 3866 divinos
1210 3804 1375 3885 respicimus
1396 3813 1427 3864 et

371 3917 539 3986 tractamus,
561 3919 589 3970 et
604 3911 711 3988 judicio
732 3911 875 3975 Ecclesiae
894 3931 928 3974 ac
946 3917 1064 3978 riromm
1078 3913 1331 3977 ecclesiasticorum
1343 3931 1426 3974 snm-

372 4035 431 4078 mas
452 4027 543 4100 partes
564 4018 718 4083 tribuimus.

331 4125 360 4186 2.
383 4127 509 4189 Attamen
537 4129 701 4192 introductio
729 4133 756 4191 iu
787 4133 882 4194 cilicio
916 4131 1056 4212 descripto
1084 4150 1139 4194 oon
1166 4135 1337 4212 acquiescit,
1372 4133 1425 4196 sed

250 4235 444 4296 revelationem
467 4239 560 4316 ipsam
575 4240 604 4298 in
623 4257 648 4299 s.
673 4237 749 4301 libris
770 4240 925 4320 depositam
940 4249 1143 4321 repraesentare
1153 4241 1283 4304 studebit.
1310 4242 1425 4304 Scilicet

251 4360 304 4402 nou
325 4351 418 4422 potest
438 4344 508 4406 liber
526 4346 651 4426 separari
671 4365 687 4407 a
708 4357 800 4425 mutu,
831 4351 1015 4412 testimonium
1042 4350 1080 4412 et
1105 4369 1160 4427 eo,
1196 4349 1270 4428 quod
1296 4357 1423 4432 testeum
