3070 4940
1232 371 1272 444 di

263 535 368 596 initium
390 543 434 595 est
454 543 537 614 atque
555 536 731 616 principium,
753 553 805 618 per
822 535 924 598 realem
945 545 1039 598 autem
1060 547 1273 600 consummatur.

263 643 339 705 llaec
374 649 645 707 sacramentaliter
672 645 703 706 fit
737 662 786 728 per
813 644 1031 725 Eucharistiam,
1065 652 1275 726 spiritualiter

265 772 314 834 per
333 752 522 832 Paracletum,
542 756 580 816 ita
601 763 630 817 ut
650 754 697 815 tali
720 753 802 816 ruodo
823 754 884 816 finis
901 757 1062 836 attingatur,
1083 775 1166 837 quem
1189 755 1276 820 chri·

253 872 324 924 -stus
345 864 429 926 nobis
450 866 594 946 proposuit
615 863 732 926 dicensi
766 862 849 942 ,Ego
870 866 896 925 in
917 867 977 942 eis,
1006 865 1099 936 eodo
1115 869 1141 928 iu
1162 885 1223 945 me,
1246 876 1276 929 ut

265 977 323 1035 sint
342 975 522 1036 consummati
545 976 571 1034 in
594 977 696 1036 unum“
718 970 787 1051 (lt,
809 970 875 1050 23).
899 1006 938 1022 ·-
971 975 1023 1036 Sat
1042 975 1124 1037 multa
1145 984 1173 1037 ct
1194 976 1276 1037 lucu-

266 1083 338 1144 lenta
357 1083 437 1145 nobis
459 1093 572 1164 praesto
588 1092 651 1144 sunt
665 1091 842 1162 argumenta,
865 1083 963 1163 quibus
979 1084 1158 1146 demonstrari
1171 1093 1276 1165 potest,

265 1191 335 1254 hauc
356 1193 494 1274 duplicem
515 1192 605 1254 ideam
626 1212 676 1274 per
696 1211 795 1254 ornnes
818 1191 963 1272 Evangelii
985 1202 1079 1275 partes
1100 1193 1219 1256 extendi.
1242 1231 1275 1242 -

260 1279 321 1361 ¹Vix
340 1320 396 1364 uon
416 1302 560 1379 omnibus,
581 1305 628 1384 qui
651 1301 771 1382 desuper
793 1304 982 1383 scripserunt,
1004 1301 1179 1364 solummodo
1204 1304 1278 1383 prior

265 1409 326 1474 idea
348 1420 474 1491 tauquam
496 1412 558 1473 inis
587 1414 647 1474 sive
676 1411 822 1474 consilium
850 1409 933 1489 huius
955 1409 1100 1490 Evangelii
1126 1410 1276 1492 probatur3

215 1493 220 1504 ¹
265 1520 316 1581 sed
337 1529 411 1582 certe
431 1539 487 1584 non
509 1530 607 1584 concta
629 1521 840 1603 complectitur..
1135 1606 1138 1612 1

183 1627 212 1688 2.
235 1630 266 1690 Si
300 1636 493 1694 occasionem
523 1632 660 1694 scribendi
693 1632 921 1708 consideramus,
957 1631 1103 1694 consilium
1133 1629 1276 1711 Evangelii

98 1740 182 1798 etiam
210 1743 394 1818 polemicam
423 1742 531 1820 luisse,
562 1742 643 1804 facile
670 1741 864 1828 intelligemus.
913 1740 1029 1804 Veteres
1059 1744 1131 1804 enim
1158 1741 1277 1820 uadunt,

100 1847 236 1910 loannem
256 1859 383 1928 rogatum
406 1851 441 1912 ab
464 1853 606 1936 episcopis
628 1853 777 1933 scripsisse
808 1860 902 1913 eontra
929 1850 1083 1920 haereticos¹
1114 1851 1186 1914 illius
1206 1860 1279 1920 tem-‚

101 1960 194 2047 poris:
218 1956 430 2040 cerinthianos,
452 1960 623 2039 Nicolaitae,
644 1960 801 2022 Nazaraeos
824 1969 853 2020 et
873 1961 943 2024 alios
972 1961 1054 2040 hujus
1081 1964 1200 2042 generis.
1243 1961 1277 2024 lli

100 2086 197 2134 omues
219 2069 329 2132 fuerunt
350 2071 545 2152 antichristi,
567 2073 586 2132 i.
610 2090 636 2134 e.
661 2068 800 2132 Christum
822 2087 916 2132 verum
937 2071 1022 2134 Deum
1044 2079 1072 2133 et
1087 2071 1231 2160 hominem
1253 2073 1279 2136 iu

103 2197 155 2240 una
175 2199 295 2261 persona
316 2181 470 2260 negabant,
500 2180 649 2244 historicae
676 2181 786 2250 veritati
818 2180 924 2242 fabulas
952 2199 1003 2243 seu
1031 2185 1152 2262 mythos
1173 2199 1279 2262 suppo-

35 2297 40 2306 '
103 2299 217 2368 nentes3
246 2300 273 2353 et
294 2293 398 2369 rejecta
420 2293 554 2372 sapientia
576 2291 684 2354 divinae
705 2269 882 2353 revelationis
899 2289 972 2356 lalsi
997 2293 1117 2357 nominis
1146 2292 1279 2376 sapientie
1391 2274 1394 2282 ¹

102 2419 154 2462 seu
172 2406 264 2475 amosi
292 2401 497 2482 superbiebant.
542 2402 697 2482 Apostolus
726 2401 785 2478 jam
807 2418 903 2463 eorum
924 2399 1028 2462 fabulis
1049 2403 1210 2463 historiam
1230 2419 1280 2461 seu

105 2507 244 2570 Christum
265 2509 424 2572 historicum
447 2513 598 2592 opposuit,
627 2519 654 2572 et
675 2511 787 2572 fictitiae
808 2528 902 2590 eorum
923 2512 1056 2595 scientiae
1075 2515 1189 2584 amoma
1209 2529 1282 2572 cere

104 2621 303 2693 theoloyicam
324 2639 376 2681 seu
397 2619 602 2701 philosophiam
624 2621 743 2700 Spiritus
766 2619 870 2680 Sancti.
912 2617 973 2679 Hoc
995 2618 1140 2680 consilium
1169 2621 1196 2680 in
1224 2628 1281 2680 toto

105 2725 177 2788 libro
203 2737 230 2789 et
261 2711 289 2789 in
316 2725 433 2807 singulis
459 2729 624 2808 quibusdam
646 2729 714 2789 locis
737 2710 904 2809 deprehendi
925 2735 1016 2808 potest
1023 2747 1032 2804 3
1054 2725 1105 2788 sed
1125 2734 1282 2790 secumda-

106 2840 189 2900 riicm
209 2846 313 2900 tautum
334 2849 376 2901 est
397 2847 424 2901 et
445 2839 625 2916 indirectum3
646 2838 876 2918 quemadmodum
892 2838 969 2913 ‚enirn
982 2837 1049 2898 solis
1064 2845 1138 2900 ortus
1154 2838 1280 2902 tenebras

103 2949 194 3010 noctis
222 2949 320 3028 lugat,
349 2946 387 3039 it'a
408 2950 530 3012 loannes
560 2949 720 3031 explicando
749 2949 893 3010 veritatem
914 2965 1023 3010 errores
1045 2947 1186 3030 dispellit,
1216 2952 1281 3029 quin
1330 3029 1332 3036 s

102 3056 217 3118 eosdem
238 3060 386 3138 speciatim
407 3058 591 3136 adgrediatur.
608 3093 648 3108 »-
662 3059 780 3134 Quidam
801 3051 855 3123 loci
878 3064 960 3124 etiam
982 3067 1077 3120 contra
1098 3076 1148 3121 eos
1168 3061 1281 3124 tendere

72 3161 75 3167 “
102 3166 247 3245 videntur,
276 3169 323 3246 qui
349 3166 485 3230 loannem
515 3167 593 3251 bapt.
624 3166 762 3232 Christum
794 3170 943 3250 putabaut3
974 3171 1024 3232 sed
1053 3179 1081 3232 et
1102 3170 1156 3232 hoc
1176 3187 1281 3232 secun-

102 3275 208 3336 darium
232 3284 285 3338 est.

145 3389 238 3446 Nota.
268 3384 389 3448 domines
419 3386 493 3448 illius
528 3389 660 3468 temporis
697 3368 827 3450 hdereses
865 3388 993 3470 depingit
1019 3387 1279 3471 (l.ep.2,18):

270 3492 369 3570 ,Nunc
391 3494 543 3578 antichristi
565 3496 640 3557 multi
661 3495 727 3557 iacti
750 3499 849 3575 sunt“3
864 3472 917 3574 ‘4,
940 3493 976 3558 3:
1006 3497 1122 3576 ,Omnis
1152 3499 1281 3578 spiritus,

270 3606 317 3682 qui
346 3621 400 3666 non
426 3607 586 3684 muitetur,
616 3605 714 3668 lesum
738 3603 877 3670 Christum
905 3609 1035 3670 incana
1055 3612 1167 3671 venisse
1187 3613 1281 3690 (juxta

271 3712 436 3793 vulgatam:
468 3714 521 3792 Qui
542 3717 625 3780 solvit
644 3716 774 3794 lesum),
804 3735 840 3780 ex
858 3715 922 3780 beo
943 3737 996 3782 non
1017 3730 1079 3799 est,
1105 3731 1136 3782 et
1164 3721 1211 3784 hio
1238 3731 1281 3784 est

271 3821 484 3886 antichristua.“
536 3825 571 3886 Et
599 3835 676 3888 aram
709 3827 822 3909 triplicis
852 3827 979 3906 generis,
1010 3831 1073 3892 soil.
1107 3829 1141 3907 l)
1169 3832 1206 3909 ii,
1234 3833 1281 3911 qui

271 3930 410 4028 dinatum
432 3951 498 3996 vere
519 3940 619 3998 Deam
640 3953 705 3998 esse
727 3937 864 4016 negabant
893 3942 936 4013 (e.
959 3955 1003 4016 gr.
1024 3935 1185 4017 Ebionitae,
1214 3944 1279 4020 ,qui

270 4055 418 4122 asserunt,
448 4042 589 4106 Christum
610 4055 674 4107 aute
695 4043 807 4110 hieriam
828 4063 883 4108 uon
911 4047 1019 4109 hisae“
1040 4045 1215 4128 Hierovm.b';
1242 4049 1279 4123 2)

270 4155 406 4231 quicum
433 4158 583 4218 mrtem
615 4153 703 4218 fuisse
733 4153 924 4221 iniciabantur
951 4159 1016 4236 (qui
1044 4177 1100 4222 non
1126 4157 1278 4235 condatur,

269 4259 365 4324 haum
397 4260 534 4326 Christum
570 4267 596 4326 in
627 4269 714 4330 caius
747 4267 877 4344 venisse,
904 4291 948 4325 ε
976 4265 1136 4344 Dohetae);
1170 4263 1209 4344 3)
1232 4259 1279 4347 qui

269 4373 498 4450 hypostaticam
518 4378 683 4455 aariaapac
702 4384 841 4440 mataras
861 4380 1008 4442 maiomam
1034 4375 1199 4440 recusabant
1217 4371 1280 4455 (qul

1028 4481 1074 4546 4*
1275 4497 1277 4502 ·
