3070 4940
448 535 532 596 solvit
557 531 678 612 lesum).
733 531 767 593 lli
796 549 894 594 omnes
921 531 985 592 loco
1013 527 1112 594 Gbrbti
1141 532 1218 607 reri,
1257 547 1341 609 quem
1376 532 1454 590 etiarn

447 648 627 706 wionem
647 641 758 719 dieunt,
778 650 928 723 posuerunt
948 640 1048 702 falsum
1067 643 1129 701 sire
1147 643 1326 720 nytldeaan,
1349 657 1382 700 ac
1401 639 1455 702 ial-

445 770 505 817 sam
526 752 729 830 mysticamque
749 753 893 813 scientiam
908 752 1038 829 (gneum)
1059 752 1163 810 muniti
1177 757 1254 826 eunt,
1275 748 1349 810 unde
1362 758 1455 830 postes

443 867 655 936 scarduonem
686 877 786 923 nomeu
819 861 1013 922 sortiebantur.
1070 857 1172 924 contra
1207 859 1259 922 bos
1296 878 1368 941 opus
1398 869 1455 921 crat

445 973 591 1032 Matortco
620 969 794 1050 apostolico,
825 971 874 1050 qui
903 988 1011 1032 esrom
1033 967 1172 1030 Christum
1200 972 1227 1030 in
1255 971 1316 1034 vita
1333 988 1384 1030 sua
1404 970 1456 1031 ‹le-

444 1080 598 1157 scsiberet,
619 1077 746 1159 Eurique
767 1085 868 1142 Deum
888 1089 918 1141 et
936 1084 1089 1141 bonum
1107 1079 1285 1156 ostenderct3
1306 1098 1379 1160 opus
1400 1091 1455 1140 erat

445 1209 519 1252 esre
536 1194 676 1265 qnorum
698 1197 726 1250 et
745 1194 890 1270 mystico,
911 1190 958 1269 qui
979 1189 1156 1251 absconditos
1177 1189 1289 1250 divinae
1306 1192 1455 1271 sapientiae

445 1301 591 1362 thesauros
622 1307 651 1359 et
677 1297 785 1360 divinae
816 1300 889 1359 vitoe
919 1297 1116 1378 plenitudinem
1151 1300 1178 1359 in
1205 1273 1376 1359 revelatione
1397 1302 1454 1378 jam

443 1409 516 1470 lacta
536 1407 718 1491 patefaceret.
740 1439 781 1456 -
803 1407 924 1486 Eorum,
946 1410 992 1488 qui
1014 1397 1149 1472 loannem
1170 1417 1296 1486 tanqumn
1319 1405 1454 1503 Obrimum

390 1529 398 1558 ¹
444 1517 659 1596 venerabantur,
688 1517 779 1578 adbuc
806 1517 926 1595 vestigia
955 1519 984 1578 in
1011 1517 1125 1580 Oriente
1161 1519 1277 1579 inveniri
1314 1517 1454 1594 dicuntur,

444 1620 552 1691 scilicet
566 1636 650 1689 secta
672 1631 850 1689 zcbtorom

360 1756 389 1828 3.
411 1765 538 1845 Denique
552 1763 669 1826 Veteres
689 1764 813 1840 tradunt,
828 1782 897 1825 cum
920 1763 1045 1826 voluisse
1067 1765 1199 1842 quaedum
1221 1783 1258 1825 ex
1278 1767 1333 1826 vita
1348 1767 1453 1827 Domini

277 1895 292 1939 a
323 1877 439 1938 casuris
468 1873 650 1956 evangelistis
677 1875 782 1934 emisse
812 1873 951 1955 supplere.
1001 1873 1098 1954 Neque
1126 1883 1219 1955 potest
1248 1877 1361 1952 negari,
1393 1894 1453 1936 eum

277 2002 469 2064 nonnunquam
491 1985 526 2046 ad
547 2001 642 2046 eorum
665 1984 846 2045 narrationem
868 1986 1026 2066 respicere,
1049 1957 1166 2045 ut'satis
1187 1991 1291 2062 noum,
1313 2003 1340 2045 e.
1361 2003 1405 2063 gr.
1423 1981 1452 2062 3,

276 2093 335 2172 243
360 2091 410 2172 13,
431 2093 451 2158 2
458 2114 467 2171 3
489 2102 517 2153 et
538 2091 689 2174 pleraque,
712 2109 782 2182 quae
803 2095 829 2154 in
850 2095 910 2171 ejus
926 2089 1076 2171 Evangelio
1098 2063 1264 2170 beieruntnr,
1287 2095 1314 2154 in
1336 2095 1453 2154 caeteris

274 2203 436 2266 desiderari.
460 2200 563 2264 Tamen
584 2210 613 2262 et
634 2200 687 2262 hcc
709 2197 851 2263 consilium
873 2203 982 2264 nonnisi
1004 2211 1032 2262 ut
1053 2203 1243 2264 secundarium
1262 2201 1345 2282 liujus
1360 2201 1455 2264 Evan-

274 2315 339 2392 gelii
361 2312 541 2376 considerare
562 2310 704 2372 debemus.
1251 2320 1253 2328 ·

315 2467 406 2526 Noto.
437 2460 517 2538 Quae
539 2468 568 2522 ut
588 2461 679 2537 magis
699 2467 862 2541 patescant,
890 2461 940 2522 trie
967 2469 1032 2521 sunt
1058 2461 1251 2542 respicienda,
1279 2463 1388 2524 scilicet
1418 2460 1451 2542 1)

438 2571 556 2634 loanines
578 2588 631 2631 ceu
651 2573 830 2650 historicos,
853 2570 915 2629 sivc
935 2570 1020 2650 ipsius
1042 2572 1253 2652 pragmatismus
1274 2572 1301 2631 in
1320 2573 1452 2636 relatione

438 2680 472 2742 ad
494 2689 620 2742 caeteros
641 2683 823 2762 synopticcs3
844 2677 881 2753 2)
903 2679 1021 2740 loannes
1044 2681 1081 2740 uti
1103 2685 1266 2760 mysticus,
1287 2684 1348 2742 sive
1367 2686 1453 2766 ipsius

437 2799 533 2852 nature
563 2790 792 2882 contemplativa,
831 2797 992 2871 comparata
1022 2807 1084 2850 cum
1119 2790 1173 2852 divi
1201 2789 1275 2852 Pauli
1304 2791 1451 2858 dialectica
1508 2787 1509 2806 ³

436 2908 565 2982 respectu
598 2899 748 2990 argumenti
778 2915 811 2958 ue
842 2897 965 2974 formae3
994 2897 1030 2971 3)
1052 2898 1161 2960 tandem
1190 2899 1304 2962 loannis
1333 2911 1442 2984 stylw,

435 3008 481 3086 qui
502 3008 581 3070 lactis
602 3007 749 3087 mellisque
771 3007 875 3069 llumini
896 3008 1117 3089 aequiparandus
1139 3018 1189 3074 est.

805 3253 833 3321 1.
858 3251 908 3314 28.

439 3423 635 3497 uvernerus.
653 3425 779 3486 loannis
797 3427 980 3503 genulnltes,
998 3428 1167 3504 integritas,
1194 3429 1278 3489 iiten
1358 3472 1364 3478 .

353 3587 380 3650 1.
404 3588 435 3650 S.
455 3587 578 3654 loannes
608 3591 634 3652 in
662 3599 720 3686 tots
750 3591 820 3654 libro
848 3609 881 3654 se
906 3611 1042 3672 nunquam
1071 3603 1102 3658 ut
1130 3603 1269 3656 aucorem
1290 3601 1455 3675 nominat,

269 3695 320 3767 sed
336 3705 381 3756 sat
394 3696 541 3760 manifeste
555 3698 656 3778 prodit.
670 3698 810 3779 (oquitur
825 3701 896 3762 emm
915 3700 1028 3771 duolio
1044 3701 1182 3783 discipulo
1188 3722 1197 3778 3
1220 3705 1311 3784 magis
1334 3702 1457 3764 delinire

268 3806 304 3868 de
319 3805 472 3887 discipulo,
494 3825 576 3886 quem
592 3807 819 3886 diligebatlesus
828 3829 838 3886 3
860 3812 906 3890 qui
921 3813 948 3872 in
962 3827 1047 3872 coena
1063 3811 1240 3890 recumbebat
1254 3813 1281 3872 iu
1302 3813 1364 3872 sinu
1387 3817 1455 3892 ejus

269 3911 336 3994 (13,
357 3911 433 3993 23);
454 3918 498 3978 cui
519 3917 659 3980 stantiatl
681 3937 791 3984 crucem
812 3928 1030 3988 matremsuam
1059 3921 1260 3984 commendavit
1279 3919 1347 3998 (19,
1372 3922 1455 4000 26),

268 4027 312 4088 cui
333 4025 404 4087 dixit
425 4034 489 4107 post
509 4029 755 4094 resurrectionem:
785 4029 855 4105 „Sic
876 4047 940 4095 eum
962 4029 1025 4093 vole
1045 4011 1185 4112 munere,
1203 4029 1293 4092 donec
1313 4033 1455 4091 veniam“

267 4132 338 4212 (21,
361 4132 390 4195 7.
412 4133 463 4196 20.
485 4132 561 4207 22).'
595 4133 632 4196 Et
649 4136 688 4204 tle
710 4135 765 4198 boo
786 4139 849 4217 ipso
868 4139 896 4200 in
915 4138 970 4230 bue
989 4137 1052 4201 libri
1072 4137 1176 4203 dietum
1201 4147 1261 4200 est:
1298 4136 1373 4214 ,Hic
1405 4147 1456 4199 est

267 4241 418 4325 discipulus
445 4244 508 4325 ille,
541 4244 588 4322 qui
619 4246 805 4312 testimouium
835 4245 963 4327 perbibet
988 4246 1025 4308 tle
1051 4246 1114 4323 bis,
1143 4256 1172 4308 et
1197 4248 1310 4328 scripsit
1338 4247 1452 4310 baeu.“

266 4349 338 4426 Quid
358 4360 452 4433 potest
471 4352 756 4420 esserauiiestius‘l
