3070 4940
174 447 252 510 Cum
280 447 406 510 hioelssla
435 448 499 514 hae
515 448 551 512 tle
580 467 610 510 re
637 448 702 510 nihil
735 448 889 526 definierit,
918 460 974 547 neo
1002 456 1077 512 tarta
1104 447 1272 553 antiquitatis

93 558 209 620 traditio
231 561 347 633 existat,
370 574 415 620 res
437 560 555 620 oritioae
575 557 737 620 deliniendo
752 559 918 638 relinquitur.
956 557 1035 632 Quae
1054 559 1179 636 quamvis
1201 557 1275 618 mul-

13 733 14 736 ,
95 677 159 728 tum
181 670 208 729 in
229 668 283 729 hm
303 685 334 729 re
355 667 538 747 allaborant,
569 677 661 732 tamen
689 667 887 729 nihilomnino
909 669 976 728 serti
997 668 1118 748 reperire
1139 667 1227 748 potuit
1246 674 1275 726 et

95 777 193 839 adhue
214 777 266 839 sub
283 777 378 854 jndice
398 778 433 838 lis
455 787 509 840 est.
553 775 622 840 ires
650 786 715 840 sunt
734 779 908 858 potissimum
929 774 1117 856 hypotheses,
1147 793 1217 855 quae
1239 774 1274 837 ad

94 875 172 947 hano
193 887 383 966 quaestionem
404 886 564 950 solvendam
587 867 683 950 allatae
704 896 769 948 sunt
788 895 836 947 aot
855 885 946 946 alierri
967 894 1093 966 possunt.

141 1001 233 1057 Nata.
262 995 353 1057 Omne
369 1015 467 1058 aarum
496 999 633 1076 medium,
663 997 738 1078 quod
767 973 929 1074 positivae
947 994 1012 1056 iidei
1042 992 1187 1069 adhaesit,
1223 1011 1275 1054 nee

266 1105 377 1167 multum
390 1110 517 1168 criticae
537 1106 666 1184 indulsit,
688 1105 741 1166 hae
758 1106 932 1184 inquisitione
953 1105 998 1164 via
1018 1119 1072 1164 non
1094 1102 1202 1182 penitus
1223 1099 1276 1160 ab·

267 1217 369 1276 sinuit.
414 1215 538 1278 Saeeulo.
557 1216 664 1278 taudem
687 1217 814 1297 proxime
834 1215 948 1294 elapso,
976 1230 1032 1291 qno
1061 1214 1154 1274 critica
1175 1210 1275 1272 biblios

265 1323 428 1404 pullulavit,
445 1343 492 1388 res
514 1328 611 1388 iterum
632 1328 783 1406 iterumque
805 1325 913 1402 agitari,
925 1330 1023 1404 ooepta
1046 1330 1098 1384 esi.
1128 1319 1201 1381 Libri
1223 1318 1275 1380 hao

266 1431 302 1492 tle
323 1436 434 1495 narem
455 1436 606 1518 oonseripti
620 1435 841 1515 magnamiaoile
856 1431 1048 1495 bibliothecam
1060 1431 1275 1506 eonstituerent‚
1296 1507 1305 1522 Α

264 1548 293 1602 et
313 1544 339 1602 in
360 1540 428 1604 duas
450 1535 598 1625 praecipue
618 1554 712 1626 partes
733 1544 867 1606 abierunt.
897 1541 942 1602 ln
963 1542 1041 1603 initio
1061 1539 1275 1620 Evangeliornm

266 1653 423 1730 genuinitas
436 1642 650 1732 'agnoscebatur
669 1663 697 1715 et
719 1653 783 1716 inde
805 1651 1034 1737 ‹loeti-aenigma
1054 1648 1167 1710 solvere
1188 1664 1276 1709 oona-

265 1755 371 1822 bantur'.
425 1762 527 1825 Nostro
555 1773 680 1844 tempore
708 1761 787 1840 (iuda
814 1762 850 1822 ab
877 1776 948 1821 anno
980 1754 1073 1832 1836)
1112 1759 1193 1818 etiam
1221 1755 1276 1818 hoe

263 1869 471 1934 tundamentum
493 1873 689 1937 miserabiliter
716 1872 911 1933 oomminutum
932 1876 1016 1948 atquo
1036 1865 1199 1929 dereliotum
1220 1873 1275 1943 est,

266 1981 303 2041 ita
333 1989 363 2041 ut
394 1983 488 2044 oritiea
512 1985 570 2062 jam
598 1986 659 2044 sine
689 1983 744 2044 ullo
765 1978 952 2062 gmmmmlo
972 1996 1023 2060 per
1042 1977 1128 2040 altum
1144 1978 1275 2054 iactatur.

264 2089 432 2152 Novissimis
462 2092 573 2154 tandem
595 2093 692 2154 (liebus
714 2109 780 2173 pars
801 2093 1015 2152 transactione
1035 2085 1170 2167 quadam,
1203 2101 1276 2164 quae

264 2209 309 2261 est
328 2200 469 2265 iluotnatio
490 2205 633 2266 veritatem
656 2205 728 2265 inter
752 2212 780 2264 et
808 2200 999 2278 mendacium,
1027 2217 1090 2280 pars
1116 2200 1276 2259 reaetiaae

266 2319 428 2392 oeoupatur.
471 2312 592 2375 Omnino
613 2313 754 2376 latentium
776 2320 836 2390 eat,
858 2313 1010 2392 sapientum
1030 2308 1148 2391 lapidem
1168 2308 1276 2369 huoua-

265 2438 320 2499 que
340 2438 393 2482 non
414 2439 479 2490 esso
500 2425 643 2486 inventum
650 2443 659 2502 3
691 2430 718 2484 et
738 2430 851 2504 propter
874 2420 902 2482 id
924 2421 1013 2503 ipsum
1043 2421 1124 2481 etlam
1148 2415 1276 2481 Catholi-

266 2545 361 2590 oornrn
388 2537 449 2609 eat,
485 2549 541 2622 rem
572 2549 624 2612 pro
650 2531 757 2594 viribus
786 2530 1157 2610 exploraro,‚sun1mopere
1185 2535 1275 2588 autem

266 2638 434 2718 cavendum,
458 2659 492 2701 ne
513 2643 631 2722 positiva
653 2642 766 2702 veritate
792 2640 884 2702 relietu
906 2637 1084 2700 difficultates
1113 2655 1164 2718 per
1192 2654 1275 2697 vanas

261 2747 434 2828 hypotheses
456 2750 551 2812 tollere
572 2750 715 2828 studeant,
736 2749 788 2810 sed
810 2747 952 2829 problema
967 2746 1129 2809 historicum
1144 2745 1275 2806 histbmoa

265 2857 325 2918 basi
346 2859 450 2920 suffulti
471 2859 582 2922 solvere
601 2868 746 2940 quaerant.
1013 2841 1016 2848 ¹

183 2961 212 3024 l.
235 2963 326 3026 Prima
354 2966 519 3056 hypothesis
546 2978 591 3032 est
618 2972 662 3031 sie
689 2969 1028 3042 uien·1³rotaearaaettt
1048 2967 1066 3028 i.
1088 2984 1113 3032 e.
1143 2964 1275 3026 historiae
1320 3021 1325 3031 ,
1385 2961 1389 2969 “

97 3072 205 3134 Domini
227 3076 254 3138 in
276 3081 382 3140 eertum
402 3078 519 3142 formam
548 3079 694 3158 redumm,
728 3081 887 3159 antiquioris
910 3078 1011 3140 noeais
1032 3076 1211 3155 Evangeliis,
1239 3095 1274 3138 en

95 3199 151 3262 qua
174 3192 202 3245 ιι
224 3202 259 3246 eu
281 3189 418 3250 eommnni
440 3189 518 3251 lente
540 3189 729 3268 evangelistae
751 3187 901 3250 hauserint.
928 3186 990 3250 lloo
1009 3185 1189 3265 Euangelinm
1211 3188 1275 3266 qui-

95 3292 159 3354 dam
182 3293 273 3380 lingua
294 3299 448 3375 mahnaim,
470 3297 579 3379 quidam
602 3313 707 3376 praeeo
726 3303 937 3376 eemmiptam
958 3297 1118 3372 asserebant
1124 3316 1134 3374 ;
1163 3295 1274 3376 quidam

95 3401 202 3483 absque
223 3405 363 3486 scriptura
384 3413 556 3472 traditione
573 3415 764 3492 propagatum.
778 3447 817 3458 -
837 3407 895 3470 Sed
915 3407 985 3469 haee
1006 3407 1169 3490 hypothesis
1185 3407 1274 3467 multis

95 3512 218 3574 artificiis
249 3532 319 3597 opqs
349 3515 434 3579 habel
461 3518 497 3580 acl
525 3519 643 3581 formam
675 3517 889 3597 Evangeliorum
910 3497 1120 3594 deolmmdam3
1151 3525 1180 3577 et
1200 3515 1274 3594 quorl

93 3624 196 3684 summi
218 3628 350 3695 momenti
372 3636 435 3705 est,
457 3647 492 3689 ne
512 3631 661 3708 vestigium
682 3629 792 3709 quidem
814 3627 881 3690 talis
903 3627 1073 3689 instrumenti
1094 3627 1122 3686 in
1146 3623 1273 3686 Eoolesia

94 3735 206 3812 antiqua
225 3735 362 3813 ocenrrit;
383 3745 412 3796 et
426 3737 535 3800 traditio
548 3738 686 3818 usquead
708 3739 826 3800 litteram
848 3743 972 3799 enniana
992 3734 1100 3816 spiritui
1121 3732 1273 3814 apostolico

95 3850 141 3903 est
162 3845 308 3905 oontrmia.

137 3955 229 4014 Note.
259 3945 365 4015 Primus
394 3957 517 4019 omniurn
536 3956 792 4037 Protoevangelinm
822 3956 988 4030 ammaioum
1018 3955 1159 4016 exstitisse
1180 3955 1277 4015 lilioli-

260 4066 341 4125 hora
371 4064 534 4145 sihrmarit3
561 4068 633 4132 idem
661 4070 772 4147 graeets
802 4067 973 4129 versionibus
1003 4083 1037 4126 uo
1065 4061 1272 4127 recensionibns

261 4172 406 4236 adauctum
426 4180 557 4240 Marsua
574 4180 738 4261 proposuit,
768 4177 942 4260 Opusaulum
965 4175 1086 4240 seuunda
1107 4176 1167 4236 vioe
1183 4172 1272 4238 Einh-

258 4280 330 4345 hom
364 4287 535 4366 emandavit,
566 4287 594 4350 'et
629 4288 738 4352 tandem
760 4290 871 4352 orara
900 4289 983 4352 ramis
1013 4283 1265 4368 interpolationibus
