3070 4940
632 579 659 646 δ.
685 575 734 641 18.

285 741 437 814 erogant
455 755 480 801 n
498 741 598 844 naret
616 739 802 814 garunna.
819 740 993 814 narratu.
1009 739 1095 800 nuos
1188 775 1193 784 .
1242 771 1269 839 '.

181 909 206 972 l.
229 908 356 970 Ecclesia
387 928 496 990 semper
524 920 552 970 et
581 909 681 988 ubique
711 909 829 983 librum,
857 924 938 986 quern
967 925 1018 968 nos
1047 905 1135 967 Marci
1162 907 1273 967 nornine

97 1017 251 1096 hahemus,
284 1028 314 1079 ut
343 1021 488 1097 genuinum
519 1017 629 1095 hahuit,
662 1035 714 1078 nec
743 1017 826 1078 aliurn
855 1016 1035 1100 antiquissimi
1057 1023 1143 1077 testes
1165 1031 1274 1092 cogno-

98 1137 206 1188 verunt.
230 1145 236 1156 ·
261 1128 460 1188 decentissima
493 1127 602 1188 demum
632 1129 727 1186 critica
757 1125 878 1201 detexit,
913 1103 1032 1201 librum,
1065 1142 1148 1202 quem
1176 1120 1273 1204 Papias

101 1235 198 1297 hlarco
219 1235 351 1298 adscribit
371 1234 460 1296 luisse
480 1235 580 1312 aliurn,
603 1253 687 1313 quam
709 1244 840 1296 nostrum.
869 1219 966 1315 Papias
988 1234 1059 1293 enim
1081 1234 1131 1308 ait,
1153 1229 1274 1295 blancum

98 1363 156 1406 non
177 1337 356 1432 ordine-„ori¹
376 1343 488 1420 τοέξεο“
509 1381 548 1390 -
570 1347 721 1428 scripsisse
743 1344 828 1407 verba
849 1352 878 1404 et
899 1361 981 1424 opera
1004 1339 1123 1418 Ghristi3
1144 1360 1205 1402 cunr
1216 1344 1273 1419 jam
1364 1325 1367 1334 ¹

96 1453 166 1513 liber
186 1463 280 1516 noster
301 1454 406 1534 absque
428 1453 522 1517 ordine
544 1457 714 1536 compositus
736 1473 793 1516 non
814 1434 869 1530 sitq
897 1468 967 1530 ergo
989 1451 1133 1526 ‘diversum
1155 1452 1275 1512 casaub

96 1563 142 1624 illo
163 1565 228 1636 [Sic
250 1564 487 1626 Schleicrmacher
507 1567 534 1626 in
555 1564 686 1642 lotrad).
710 1565 766 1626 Sed
787 1560 847 1643 „ori
869 1559 979 1637 boilad‘
1000 1580 1054 1638 non
1077 1564 1275 1642 cuiuscumque

96 1675 206 1760 generis
237 1673 360 1736 ordinem
389 1675 528 1752 excludit,
565 1685 593 1736 ut
620 1677 703 1737 luerit
734 1675 814 1756 plane
842 1673 918 1734 rudis
947 1671 1139 1751 indigestaque
1168 1671 1275 1748 mulcs;

100 1783 205 1844 suflicit
224 1789 378 1861 assumtio,
410 1785 507 1846 librum
528 1785 612 1846 Marci
643 1804 695 1847 non
716 1786 809 1846 omnia
831 1783 903 1845 diota
927 1783 1054 1862 iactaque
1074 1782 1184 1844 Domini
1205 1793 1276 1842 con-

99 1893 203 1969 tinere,
236 1909 289 1966 pec
310 1913 377 1955 uno
400 1899 550 1956 continuo
569 1897 650 1956 serie.
689 1931 726 1943 -
759 1893 826 1954 item
847 1891 953 1956 dicunt:
983 1890 1105 1952 blancum
1121 1892 1200 1968 juxta
1220 1889 1277 1952 Pu-

96 2001 170 2081 piam
193 2005 416 2083 conscripsisse
439 2003 582 2084 historiam
602 2004 653 2064 sed
674 2021 745 2082 quae
766 2001 875 2064 Petrum
897 1999 980 2084 πρὸς
1000 1997 1058 2072 τοὶς
1084 2000 1192 2085 χρείας
1219 1996 1276 2084 τῆς

96 2106 378 2184 διδασκαλίας
399 2103 559 2176 afferentem
580 2113 718 2189 audierat,
743 2113 826 2174 veluti
847 2111 974 2174 homilias
995 2119 1024 2171 ct
1036 2109 1154 2182 similior
1177 2107 1276 2171 librum

98 2220 157 2296 ejus
180 2239 249 2300 crgo
271 2219 325 2284 non
348 2222 438 2284 luisse
458 2223 622 2286 historicum
645 2222 696 2284 sed
717 2221 893 2284 didacticum.
922 2259 962 2272 -
992 2220 1190 2282 Verumtamen
1211 2237 1275 2280 nuur

98 2328 223 2390 doctrina
244 2332 366 2393 excindit
388 2332 556 2396 historiam?
583 2351 672 2396 nonne
693 2320 878 2394 essentialiter
899 2342 943 2392 est
973 2330 1104 2393 historica
1127 2347 1277 2392 -eran-

97 2437 222 2519 qelium,
245 2437 411 2527 κήρυγμα,
433 2443 640 2505 testimonium?
662 2442 791 2523 Apostoli
812 2441 1006 2525 praedicantes
1027 2438 1166 2504 Christum
1187 2457 1284 2518 noune¹

98 2567 209 2631 semper
229 2560 257 2612 et
277 2553 378 2638 ubique
399 2555 459 2632 ejus
482 2553 622 2615 historiam
643 2551 860 2635 supponebant?

180 2683 209 2744 2.
232 2679 329 2764 Majcri
355 2706 417 2749 curn
446 2691 683 2752 verisimilitudinis
714 2693 810 2772 specie
843 2692 1035 2772 impugnantur
1069 2706 1167 2751 narsus
1196 2687 1275 2764 xvi,

100 2791 227 2854 9-20.
258 2794 402 2869 Quaedam
432 2800 503 2859 enim
533 2799 696 2860 documenta
725 2802 849 2879 antiqua*
865 2802 906 2878 (e.
935 2817 978 2878 gr.
1008 2797 1071 2860 cod.
1094 2796 1127 2874 B,
1149 2798 1275 2860 nonnulla

98 2909 217 2982 mscpt.)
247 2903 317 2966 hanc
346 2907 496 2989 pericopen
524 2926 577 2970 non
606 2908 724 2992 habent3
756 2909 891 2989 quaedam
919 2907 1002 2970 dubie
1024 2908 1101 2985 (cod.
1123 2908 1150 2968 A
1170 2906 1276 2987 ubsque

96 3015 216 3075 numeris
238 3013 428 3092 Eusebianis).
470 3017 661 3081 Eusebius
684 3019 736 3096 (ad
757 3017 890 3081 llarinurn
912 3027 1019 3098 quaest.
1048 3017 1089 3094 Ι.)
1116 3017 1204 3095 dicit,
1233 3017 1275 3080 ecl

96 3118 214 3208 ἀκριβῆ
233 3120 298 3188 τῶν
319 3122 533 3211 ἀντιγράφων,
554 3138 582 3189 et
602 3148 688 3211 paene
709 3132 799 3191 omnia
821 3131 848 3190 in
869 3130 922 3190 line
944 3129 1062 3190 habere:
1093 3126 1273 3210 ἐφοβοῦντο

96 3231 157 3317 γάρ
163 3257 176 3310 ,·
196 3252 267 3314 quae
287 3245 448 3315 sequuntur,
469 3235 636 3315 ‚strnounic
657 3237 701 3302 ἐν
721 3240 823 3317 τισί,
844 3235 915 3300 ἀλλ’
939 3235 998 3303 οὐκ
1018 3238 1055 3304 ἐν
1075 3235 1180 3302 πᾶοο“
1203 3257 1274 3302 con-

96 3351 187 3420 tentu‚
216 3345 354 3425 superflua
385 3346 470 3407 videri
498 3364 583 3427 posse
613 3345 766 3433 (περιττὴ
791 3343 835 3412 da
854 3347 934 3431 εἴη),
963 3358 992 3410 et
1026 3352 1163 3426 maxime,
1197 3349 1272 3428 quod

97 3460 261 3532 contrario
282 3456 400 3516 cacteris
422 3453 582 3533 Euangeliis
605 3465 781 3518 testarentur.
818 3463 949 3520 Hieron.
974 3458 1024 3537 (ad
1045 3457 1145 3520 Hedih.
1169 3477 1196 3538 q.
1218 3459 1271 3534 3):

99 3557 201 3636 „llarci
222 3557 524 3643 testimonium‚·quod
545 3567 573 3626 in
593 3567 662 3626 raris
688 3551 774 3628 fertur
798 3565 972 3646 Evangeliis‚
1001 3567 1128 3630 omnihus
1158 3566 1273 3630 Graciae

95 3670 174 3732 libris
197 3690 292 3753 paene
321 3671 375 3740 hoo
404 3674 549 3754 capitulum
578 3677 605 3734 in
633 3675 688 3738 line
718 3693 773 3752 pon
801 3676 981 3755 habentibus,
1017 3679 1179 3758 praesertim
1209 3695 1272 3739 cunr
1331 3667 1334 3676 ’

95 3785 220 3844 diversa
242 3793 273 3844 ct
292 3767 454 3844 contrariu
475 3783 652 3862 evangelistis
675 3787 791 3848 cacteris
814 3805 925 3848 narrare
946 3788 1068 3849 videatur
1089 3796 1143 3848 etc.
1159 3825 1198 3836 -—
1214 3787 1271 3862 Sed

95 3891 215 3956 rationes
238 3893 358 3954 internae
380 3901 409 3954 et
428 3901 560 3957 externae
580 3892 653 3956 hano
671 3897 827 3976 ¹pericopen
848 3898 994 3974 genuinam
1024 3915 1090 3958 csse
1116 3897 1269 3960 ostendunt.

95 3995 275 4078 ἐφοβοῦντο
296 3999 364 4082 γαρ.
378 4022 404 4061 v.
427 3999 456 4066 8.
479 4005 573 4097 utique
594 4003 660 4077 linis
675 4001 818 4092 Evangelii
830 4023 905 4076 ¹ossa
925 4023 979 4068 non
996 4008 1084 4088 potuit
1094 4028 1103 4086 3
1117 4007 1171 4078 ‚ubi
1189 4009 1271 4094 igitur

95 4105 185 4168 linis?
204 4144 240 4154 -
257 4113 411 4178 irenaeus
432 4115 568 4192 antiquior
589 4111 712 4178 Eusebio
740 4122 770 4174 et
789 4109 959 4198 Hieronymo
980 4124 1112 4178 testatur:
1142 4114 1270 4193 „blancus

93 4218 119 4278 in
141 4217 195 4278 line
218 4215 381 4297 Evangelii‘
405 4223 458 4299 ait:
481 4221 544 4298 „Et
557 4221 671 4300 quidem
691 4223 826 4292 Dominus
847 4224 951 4286 lesus“
973 4235 1027 4288 etc.
1050 4225 1109 4286 Nec
1129 4225 1269 4288 Eusebius

93 4334 122 4386 et
148 4325 333 4405 iheronymus
362 4328 432 4392 hanc
457 4331 610 4412 'pericopen
644 4335 670 4394 iu
704 4333 849 4411 omuibus,
882 4334 933 4398 sed
960 4335 988 4396 in
1016 4334 1139 4417 pluribus
1167 4336 1270 4400 abesse

1018 4439 1063 4504 3*
