3034 4934
621 529 656 596 ·§.·
679 525 730 592 83.

301 689 409 748 lterum
428 688 622 761 epistolarum
642 689 813 760 acaunum
830 691 862 749 ct
879 665 1061 750 momentum.

180 838 204 901 l.
228 837 269 900 De
290 840 408 920 epistole
429 835 531 917 primu
553 859 689 920 nunquam
712 843 737 901 in
759 840 889 902 Ecclesia
917 841 1068 903 dubitatum
1097 851 1156 919 est,
1185 850 1213 902 et
1241 845 1267 902 in

92 947 223 1008 omnibus
246 949 379 1024 catalogis
401 948 531 1010 librorum
554 951 753 1023 canonicorum,
762 952 830 1010 inter
851 949 1081 1028 homologunrena
1101 951 1266 1011 traditur.-

91 1055 154 1114 dam
178 1060 376 1135 Polycarpum
398 1075 519 1118 causus
542 1053 588 1118 est
609 1059 659 1132 (ad
681 1059 794 1139 Philipp.
819 1061 884 1120 citat
905 1057 928 1119 l.
951 1057 996 1120 Jo.
1021 1058 1051 1136 4,
1073 1055 1134 1133 3.);
1166 1061 1268 1139 puriter

92 1167 215 1240 Papias
239 1173 357 1225 testante
380 1165 503 1227 Eusebio
528 1163 815 1244 (Η.Ε.111,39.);
849 1172 1004 1228 irenaeus
1030 1168 1209 1247 saepissime,
1240 1177 1266 1244 et

92 1281 159 1352 post
189 1271 261 1332 hunc
291 1291 399 1334 omnes.
432 1313 468 1322 -
499 1274 586 1340 Porro
615 1295 648 1337 ea
670 1284 718 1356 est
735 1278 873 1338 connexio
894 1278 964 1336 inter
984 1274 1053 1335 hanc
1075 1276 1219 1356 epistolam
1240 1284 1267 1335 et

91 1379 290 1458 Evangelium,
324 1391 351 1442 ut
379 1400 495 1444 necesse
527 1385 581 1458 sit,
617 1384 713 1445 Joanni
734 1377 793 1445 ¹aut
823 1369 1002 1462 Evangelium
1035 1384 1191 1460 abjudicare
1223 1375 1268 1444 aut

90 1489 237 1568 epistolam
258 1491 386 1552 tribuere.

176 1596 206 1660 2.
229 1597 304 1660 'latis
326 1601 460 1662 certitudo
481 1602 517 1664 de
543 1609 683 1663 accendo
704 1613 733 1663 et
755 1608 849 1662 tertio
879 1621 933 1662 non
962 1611 1021 1679 est,
1052 1611 1165 1682 propter
1192 1601 1265 1682 quod

91 1707 369 1790 deutero-canonicis
391 1712 599 1771 adnumerantur
607 1729 616 1787 3
644 1710 719 1789 quod
747 1689 845 1771 mirera
875 1727 929 1770 non
959 1719 1003 1771 est
1030 1709 1266 1772 considerantibus

90 1835 190 1878 earum
208 1802 369 1880 brevitatem
399 1828 428 1880 et
455 1819 640 1894 characterem
669 1822 812 1900 privatum.
862 1818 974 1879 Dubitat
1002 1821 1152 1892 Oetaeam
1180 1817 1267 1899 (apud

90 1925 198 1987 Euseb.
220 1925 254 1990 H.
277 1925 311 1988 E.
336 1925 396 2003 vt,
419 1926 494 2001 25):
530 1928 667 2007 ,Scripsit
687 1927 833 2006 epistulam
855 1926 1000 1988 admodum
1022 1927 1267 2016 brevem,luraan

90 2035 194 2114 (ἔστω
214 2034 252 2098 δὲ
272 2034 340 2111 καὶ)
361 2036 511 2098 secundam
533 2046 562 2098 et
584 2039 708 2113 tertiam,
731 2054 793 2097 oum
815 2054 868 2097 non
889 2055 986 2097 omnes
1008 2037 1119 2115 dicant,
1136 2037 1192 2106 ,has
1213 2056 1267 2116 ge-

90 2145 191 2211 nuinas
212 2146 308 2206 esse.“
335 2149 490 2206 mediae
509 2149 633 2223 parlier
654 2163 703 2206 aas
724 2146 793 2206 inter
813 2144 1015 2222 autilegomena
1037 2145 1130 2207 relort.
1164 2144 1267 2208 'lamen

91 2253 195 2316 adsunt
213 2253 371 2315 testimonia
387 2255 588 2334 antiquissima.
617 2258 772 2316 irenaeus
784 2253 863 2332 (adv.
877 2252 985 2317 haeres.
1002 2241 1022 2317 l.'
1035 2252 1057 2316 1.
1072 2273 1099 2316 c.
1114 2252 1164 2322 16.
1179 2256 1206 2323 S.
1222 2251 1267 2330 3.)

90 2361 208 2422 Joannis
231 2363 342 2423 nomine
363 2363 430 2424 citat
448 2363 510 2422 Aue
531 2361 679 2424 haereticis
700 2362 874 2424 interdictum
894 2361 947 2438 (ΙΙ.
963 2362 1008 2424 Jo.
1028 2360 1104 2440 tl).
1128 2368 1268 2426 clemens

91 2473 145 2530 At.
177 2471 327 2532 secundam
358 2471 473 2547 saitem,
503 2473 527 2531 si
556 2489 609 2532 non
637 2480 664 2532 et
694 2472 800 2534 tertiam
822 2471 1050 2551 explanavit-
1073 2468 1202 2533 Continet
1221 2489 1269 2534 eas

93 2597 201 2641 canon
221 2583 380 2640 Ecclesiae
395 2585 555 2654 Romanae
561 2599 576 2652 ;
596 2581 792 2640 Athanasius
810 2579 905 2641 ambas
923 2581 1056 2656 agnoita
1079 2581 1180 2659 pariter
1192 2584 1270 2642 Hi&

92 2705 249 2768 companas
270 2695 330 2770 (ep.
353 2687 389 2749 ad
411 2687 595 2766 Evagrium),
616 2690 743 2766 quamvis
765 2689 849 2748 etiam
870 2688 972 2749 referat
991 2689 1147 2767 opinionem
1162 2705 1269 2766 corum,

92 2797 142 2874 qui
163 2804 307 2873 asserunt,
330 2814 379 2858 eas
401 2815 466 2858 esse
487 2797 600 2859 loannis
624 2796 798 2877 presbyteri,
821 2787 901 2874 cujus
921 2805 950 2857 et
964 2795 1081 2858 alterum
1096 2797 1269 2878 sepulchrum

92 2905 169 2985 apud
189 2903 331 2987 Ephesum
353 2906 509 2968 ostenditur
529 2905 581 2980 (de
603 2909 669 2967 viris
692 2905 731 2966 ill.
755 2923 781 2966 c.
804 2905 859 2979 9,).
899 2905 976 2966 llaec
997 2907 1080 2967 etiam
1101 2907 1270 2990 causatdubii

92 3014 185 3074 luisse
205 3014 331 3088 videtur,
352 3015 427 3094 quod
449 3016 603 3096 Apostolus
625 3014 672 3076 bic
692 3016 913 3096 presbyterum
934 3019 969 3076 ae*
986 3018 1123 3094 nominat,
1152 3017 1271 3078 sicutet

92 3123 193 3185 Petrus
208 3122 258 3198 ·(l.
280 3141 324 3204 ep.
350 3123 381 3201 5,
407 3122 448 3199 l).
492 3125 611 3184 Saeculo
634 3132 730 3203 quarto
753 3142 835 3184 omne
856 3124 967 3196 dubium
988 3125 1126 3206 disparuit.

177 3233 207 3296 3.
237 3237 426 3295 Momentum
454 3231 549 3292 harum
583 3231 759 3311 epistularum
792 3239 820 3291 et
849 3234 996 3312 praecipue
1025 3221 1146 3308 primae
1173 3236 1269 3312 (cujus

93 3343 200 3421 relique
220 3341 290 3402 duae
311 3350 377 3402 sunt
398 3339 583 3421 appendices)
606 3341 633 3400 in
655 3340 710 3402 hoc
731 3342 848 3401 maxime
871 3349 931 3418 est,
954 3341 1027 3419 quod
1048 3351 1111 3402 sunt
1132 3347 1271 3420 epitoyea
1325 3371 1330 3379 ·

91 3454 259 3530 practicus
279 3448 436 3528 Evangelii.
482 3446 512 3509 ln
534 3447 686 3527 Evangelio
715 3448 841 3510 fidelibus
871 3459 979 3510 scutum
1009 3450 1120 3512 divinae
1149 3452 1271 3512 veniatis

93 3563 122 3620 in
143 3563 248 3621 manus'
261 3558 375 3620 dederat
385 3566 489 3634 ,contra
510 3543 821 3628 omnesbaereticorum
835 3559 960 3618 incursus
969 3573 978 3635 3
1000 3559 1027 3618 in
1042 3558 1163 3639 epistolis
1179 3567 1270 3619 autem

94 3666 267 3728 altitudinem
289 3665 454 3727 christianae
474 3666 667 3747 perfectiouis,
700 3666 895 3729 beatitudiuem
916 3665 1072 3742 charitatis,
1103 3664 1269 3746 triumphum

96 3779 171 3839 uitae
192 3777 359 3839 christianae
379 3793 474 3837 eorum
497 3763 631 3837 cordibus
651 3777 800 3856 imprimit3
827 3775 911 3853 digna
937 3792 1004 3835 sane
1024 3774 1167 3835 conclusio
1187 3794 1271 3856 prae-

95 3887 244 3949 dicationis
266 3885 410 3966 discipuli,
433 3901 514 3962 mem
536 3883 631 3947 dilexit
652 3881 798 3960 Dominus,
821 3891 848 3944 et
870 3885 955 3944 totius
975 3881 1073 3944 aetatis
1087 3884 1270 3965 apostolicae.
1326 3971 1329 3976 Ι
