3070 4940
289 506 406 582 Quidam
425 506 616 585 suspicantur,
639 505 868 584 quadoscutnque
888 501 988 564 Pardus
1002 503 1029 562 in
1052 500 1178 580 epistolis
1198 502 1256 561 suis
1278 500 1350 562 dicit
1366 501 1459 577 ,Juxta

288 614 469 692 Evangelium
490 615 612 688 meum“,
633 612 669 672 de
690 611 780 674 husae
800 611 959 690 significare
979 611 1209 672 volantum-etc.

290 793 303 808 ,
332 731 422 786 Nota.
452 721 530 783 llaec
551 712 652 784 et'alia
673 723 792 798 similia,
823 741 849 802 e,
871 739 915 799 gr.
937 729 1009 799 quae
1028 721 1155 800 superius
1177 719 1206 780 in
1226 717 1321 780 llaroo
1344 720 1460 798 protuli-

453 849 515 891 mus
535 803 751 906 el'ertulliano,
767 829 924 906 ostendunt,
946 827 1127 906 Euangelium
1141 827 1231 888 Lucae
1251 826 1285 887 ud
1307 827 1335 888 lt.
1350 826 1460 888 Paulum

455 941 481 998 in
502 937 600 998 eadem
622 955 734 1019 prorsus
756 939 890 1001 relatione
910 938 1017 1015 luisse,
1047 953 1083 998 ac
1109 935 1289 1014 Evangelium
1311 934 1396 998 diaroi
1427 937 1459 996 ad

454 1047 648 1129 Apostolorum
670 1049 836 1129 principem.

824 1281 852 1347 S.
875 1277 925 1340 20.

441 1441 505 1520 Quo
522 1443 673 1516 tenpore,
691 1454 749 1514 ouo
765 1439 834 1502 loco
853 1441 884 1500 et
901 1439 1007 1514 uultus
1025 1437 1125 1501 ducas
1142 1396 1317 1513 comporta*

262 1585 269 1594 '
374 1592 400 1654 l.
423 1593 525 1654 Lucam
546 1612 601 1654 nou
621 1593 781 1673 primo'sed
809 1594 905 1654 seriori
935 1602 1060 1673 ternpore
1087 1595 1251 1674 scripsisse,
1275 1596 1335 1672 jam
1365 1614 1400 1654 en
1433 1617 1464 1656 eo

289 1713 381 1788 polet,
410 1702 486 1782 quod
514 1705 573 1784 ipse
601 1703 628 1762 in
648 1702 763 1764 exordio
784 1701 869 1778 dicit,
893 1704 951 1779 jam
974 1707 1086 1764 maltos
1107 1713 1222 1768 conatos
1244 1721 1309 1762 esse
1331 1703 1366 1764 de
1389 1704 1465 1764 ltlsce

290 1814 373 1876 rebus
394 1812 528 1874 scribere.
573 1810 629 1872 Sed
651 1811 753 1890 aliquid
774 1813 929 1873 accuratius
951 1811 1064 1874 delinire
1085 1812 1168 1888 licet,
1194 1829 1256 1872 cum
1277 1831 1313 1872 en
1334 1812 1465 1874 Veterum

289 1923 433 1985 traditione
454 1921 543 1982 Lucas
572 1923 653 1982 tertio
677 1921 740 1982 loco
770 1922 920 2002 scripserit.
963 1917 1032 1982 (ium
1048 1922 1127 1997 jam,
1159 1929 1188 1981 ut
1210 1939 1276 1982 uero
1298 1921 1390 1983 simile
1410 1935 1465 2001 est,
1501 1954 1508 2013 .'

289 2031 399 2092 diarcus
413 2029 596 2108 Evangelium
617 2047 697 2090 suum
718 2032 792 2092 circa
813 2048 912 2092 annum
925 2029 977 2093 64.
999 2031 1166 2106 exaraverit,
1187 2029 1287 2096 Lucam
1310 2040 1374 2112 post
1395 2031 1468 2093 hunc

291 2157 387 2202 anuum
408 2141 557 2220 scripsisse
578 2141 711 2219 sequitur.
755 2139 811 2201 Sed
841 2157 898 2200 noo
923 2141 1008 2201 multo
1037 2143 1143 2217 scrius,
1175 2159 1238 2201 cum
1268 2149 1296 2201 et
1322 2143 1384 2221 ipse
1415 2160 1467 2202 non

290 2251 380 2312 solum
401 2248 581 2326 Evangelium
602 2248 653 2308 sed
675 2257 703 2308 et
723 2249 812 2311 Actus
834 2249 1029 2331 Apostolorum
1056 2261 1121 2312 ante
1142 2250 1279 2312 excidium
1300 2249 1466 2328 Hierosoly-

291 2378 351 2420 mae
380 2359 579 2440 compleverit,
610 2369 639 2420 et
666 2358 848 2438 Evangelium
876 2359 987 2439 quidem
1015 2369 1077 2421 ante
1103 2360 1201 2421 Actus.
1246 2359 1324 2422 Haud
1353 2361 1464 2421 multum

288 2471 370 2547 igitur
383 2470 581 2545 erraverimus,
602 2472 625 2530 si
648 2469 720 2531 huno
733 2470 831 2531 librum
853 2471 927 2531 circa
948 2488 1046 2530 annum
1069 2467 1120 2530 65.
1142 2479 1187 2531 aut
1208 2468 1257 2530 66.
1282 2473 1465 2552 compositum

288 2580 448 2642 dixerimus.

370 2689 399 2752 2.
422 2689 464 2751 oe
492 2690 555 2752 loco
581 2689 738 2772 scriptionis
769 2690 928 2754 traditiones
957 2709 1013 2752 non
1039 2692 1218 2767 conveniunt,
1250 2689 1310 2752 aliis
1326 2667 1466 2753 ‘Alexan-

288 2800 375 2862 driam
398 2805 441 2877 (et
465 2798 512 2862 15.
534 2808 598 2881 post
618 2788 810 2861 ascensionem
832 2797 936 2861 Christi
963 2797 1132 2876 annumll),
1160 2798 1222 2860 aliis
1250 2797 1377 2876 ltaliam,
1412 2802 1467 2862 aliis

289 2912 341 2972 alia
362 2911 571 2992 affirmantibus.
616 2907 794 2972 Communior
825 2910 934 2972 ridetur
960 2903 1094 2972 sententia
1123 2914 1308 2989 Hieronymi
1329 2911 1465 2989 (pracial

288 3023 315 3081 in
335 3019 466 3094 llattlr.]:
492 3019 600 3097 ,Lucas
621 3022 648 3082 in
670 3019 796 3097 Achajae
817 3019 1002 3097 Boeotiaeque
1023 3019 1145 3098 partibus
1167 3019 1293 3080 volumen
1311 3021 1468 3082 condiditi.

241 3157 243 3162 ·
288 3130 386 3210 Neque
407 3147 475 3190 raro
496 3122 620 3192 absimile
640 3137 703 3205 est,
725 3128 827 3189 Lucem
849 3147 912 3189 cum
926 3127 1012 3210 Paulo
1025 3149 1042 3190 e
1057 3131 1214 3210 captivitate
1227 3128 1343 3199 lilrerato
1357 3127 1469 3192 Italian

288 3238 433 3319 reliquisse
460 3248 490 3299 et
517 3238 581 3299 durn
609 3241 661 3300 iste
689 3248 746 3299 tum
774 3241 802 3300 in
823 3239 935 3301 Oriente
962 3249 1018 3301 tum
1040 3241 1066 3300 in
1088 3239 1204 3300 Graecia
1224 3247 1333 3320 tempus
1355 3249 1471 3319 ageret,

287 3347 470 3425 Evangelium
490 3348 518 3407 in
539 3345 652 3408 Graecia
674 3350 880 3430 composuisse.
1131 3429 1135 3437 Ι
1235 3335 1238 3340 ’
1305 3391 1312 3402 ·

372 3453 401 3518 3.
436 3455 525 3518 Lucas
561 3455 742 3536 Evangelium
776 3467 866 3525 suum
890 3459 926 3520 ad
959 3463 1158 3536 Thespiadum
1194 3457 1332 3539 quendam
1367 3459 1476 3520 direxit

289 3569 449 3647 (prooem).
470 3565 536 3644 Qui,
560 3583 621 3628 cum
643 3566 730 3628 Lucas
751 3587 814 3630 eum
835 3568 958 3650 epitlreto
978 3557 1150 3652 κράτιστον
1170 3567 1301 3649 appellat,
1323 3569 1476 3654 nobilioris

289 3675 452 3737 conditionis
472 3675 556 3738 homo
576 3675 666 3738 luisse
685 3677 793 3740 ridetur
813 3678 864 3756 (de
883 3677 969 3754 hujus
988 3676 1100 3757 epitheti
1120 3696 1172 3738 usu
1193 3675 1231 3738 cl.
1254 3677 1318 3738 Act
1336 3673 1393 3755 23,
1409 3676 1458 3738 26
1468 3699 1477 3754 ;

237 3835 243 3847 ,
289 3783 342 3864 24,
363 3780 399 3860 3.;
421 3782 474 3862 26,
496 3783 562 3861 25).
605 3783 691 3848 iiunc·
707 3787 796 3848 inisse
818 3807 854 3850 ex
874 3787 973 3866 gentili
993 3783 1198 3864 Christianum,
1227 3805 1264 3846 ex
1285 3785 1359 3848 libro
1395 3797 1479 3849 certa

288 3895 426 3973 colligere.
440 3913 588 3978 pessumum
595 3917 605 3976 3
627 3896 678 3958 sed
699 3899 802 3977 aliquid
824 3900 926 3960 certius
946 3898 984 3959 de
1004 3916 1039 3959 ao
1059 3901 1206 3970 nescimus.
1221 3933 1261 3944 --
1280 3897 1340 3958 Sed
1362 3915 1419 3978 per
1445 3916 1479 3958 sa

288 4011 381 4085 patet,
406 4003 615 4086 Evangelistam
642 4025 696 4070 oon
716 4008 789 4070 hunc
808 4010 897 4070 solum
919 4011 1097 4090 respexisse,
1128 4007 1180 4068 sed
1202 4010 1408 4070 Christianos
1433 4028 1481 4070 ere

285 4116 430 4186 pentibus
449 4116 616 4193 uniuersim3
645 4125 673 4178 at
699 4120 770 4180 inter
791 4117 842 4180 luoa
863 4119 982 4179 maxime
1004 4119 1161 4198 Graecos,
1192 4117 1227 4178 ad
1247 4135 1319 4196 quoa
1341 4125 1372 4177 et
1394 4117 1481 4180 Pauli

288 4221 413 4302 Apostoli
426 4223 592 4304 praedicatio
606 4227 724 4286 mardme
739 4227 812 4288 lacta
833 4236 887 4288 ast.
910 4226 972 4287 Hoc
988 4237 1028 4288 'ex
1049 4227 1140 4288 indole
1161 4226 1248 4288 totius
1267 4225 1331 4286 libri
1345 4229 1482 4302 eruitur;

289 4327 446 4392 donatiam
467 4335 680 4412 Hieronymus
704 4335 767 4414 (ep.
789 4333 841 4400 20.
861 4335 898 4398 ad
913 4335 1080 4410 Damasum)
1100 4335 1184 4396 dieue
1204 4333 1304 4411 lucas,
1326 4334 1377 4413 qui
1400 4335 1483 4396 inter
