3070 4940
446 485 548 546 tionem
570 484 678 562 aniene
698 501 779 560 eum,
809 484 855 562 quui
883 501 900 544 a
924 479 1056 546 Cerintho
1085 483 1261 548 inseminatum
1283 490 1342 543 erat
1362 480 1454 543 horni-

444 592 545 670 nibus,
567 611 686 656 errorem
707 602 737 654 et
756 595 846 655 multo
867 594 943 672 prius
964 591 1070 669 abhis,
1091 591 1278 678 quidiouotuu
1290 591 1451 667 Nicolaitae,

443 705 575 782 quisunt
597 703 686 764 uulsio
708 705 781 782 ejus,
804 719 874 782 quae
895 701 967 763 falso
988 704 1201 782 cognominatur
1220 701 1336 762 seientia
1357 708 1411 760 ete.
1432 751 1434 757 .

341 830 367 872 o.
400 817 541 875 Cleonem
568 815 659 874 Ales.
693 811 812 891 (Euseh.
842 812 869 874 h.
898 808 1091 886 e'.Vl.l‹1):
1125 809 1193 874 Τὸν
1221 803 1283 891 μὲν
1311 805 1453 889 Ιιοάννην

401 921 541 1002 ἔσχατον
562 919 748 1000 συνιδόντα,
771 915 790 986 ὅ
810 941 841 983 τι
861 920 903 982 τὰ
924 919 1091 1002 σωματικά
1110 917 1147 984 ἐν
1168 919 1232 992 τοῖς
1254 914 1453 999 Εὗαγγεὶίοις

401 1028 594 1110 eserinam,
623 1036 857 1117 προτραπέντοι
883 1028 951 1094 ὑπο
982 1025 1047 1093 τῶν
1074 1031 1256 1116 γνωρίμων,
1292 1025 1454 1108 πνεύματι

402 1142 668 1226 θεοφορηθέντοι,
683 1139 901 1222 πνευματικόν
921 1136 1055 1223 ποιῆσαι
1075 1135 1277 1218 Εὐαγγέλιον.
1302 1133 1455 1200 Τοσαῦτα

402 1247 581 1337 eneae-

278 1422 283 1431 .
313 1361 412 1434 Noto.
445 1371 532 1435 Etiam
563 1373 609 1434 hio
639 1373 741 1454 duplex
761 1373 912 1450 Evangelii
941 1390 1025 1450 ansa,
1056 1372 1169 1432 interior
1190 1369 1251 1432 soil.
1275 1377 1304 1430 et
1325 1365 1454 1442 exterior,

443 1500 477 1546 ao
498 1482 596 1544 exinde
618 1482 744 1560 ejusdem
766 1481 909 1544 character
929 1479 1059 1562 proditur.

360 1605 431 1668 Nihil
455 1624 527 1685 opus
549 1615 593 1668 est
616 1608 776 1681 Orioeroem
787 1653 797 1687 ,
821 1591 1070 1684 Tertullianum,
1098 1607 1284 1680 rossensem,
1313 1603 1455 1678 Epipho-

185 1743 189 1748 ·
278 1721 366 1778 nium
381 1716 500 1794 afferre,
523 1719 570 1796 qui
584 1735 681 1779 omnes
704 1717 776 1779 idem
790 1716 906 1778 reddunt
920 1715 1122 1790 testimonium;
1144 1714 1197 1774 nisi
1210 1711 1286 1800 quod
1301 1715 1455 1771 maserias

279 1823 325 1896 (h.
348 1843 375 1887 e
400 1825 451 1887 lll.
473 1824 531 1900 24)
553 1827 644 1888 addit:
667 1827 800 1889 loannem
822 1826 985 1908 Apostolum
1008 1822 1043 1885 ab
1066 1824 1164 1884 amieis
1186 1831 1312 1906 rogatum
1344 1829 1453 1901 tempus

277 1939 364 2014 (vitae
385 1937 511 2018 publicae
533 1935 670 2014 Christi),
691 1935 958 2017 apraeoedentihus
979 1934 1162 2022 evangelistis
1185 1933 1296 1994 silentio
1326 1939 1457 2012 praeter-

279 2029 416 2124 missum,
439 2047 465 2107 iu
480 2039 662 2125 Evangelium
683 2025 765 2137 suurn
780 2050 956 2125 oonjeoisse3
978 2054 1006 2106 et
1018 2047 1236 2122 limphantes
1229 2041 1378 2103 ·doannes
1394 2060 1455 2102 eum

279 2153 441 2233 littorius,
475 2152 690 2233 Cerinthianos‚
717 2129 929 2236 llerinthiaoos‚
957 2153 1112 2215 Nazaraeos
1133 2162 1161 2213 et
1181 2153 1277 2213 multas
1299 2153 1366 2214 alias
1388 2151 1458 2212 hae-

277 2281 356 2326 reses
379 2260 493 2342 (ἄλλοις
513 2258 640 2338 rediise
660 2262 773 2351 αἴρες.)
793 2267 866 2350 eirea
887 2263 1074 2326 sublimiorem
1091 2260 1194 2324 Christi
1215 2270 1336 2323 naturam
1357 2279 1457 2322 erran-

278 2381 320 2434 tes
342 2372 465 2435 videret:
495 2380 647 2460 τέταρτος
675 2371 736 2461 τήν
767 2365 926 2460 κορωνίδα
952 2369 1006 2434 καὶ
1035 2371 1072 2436 τὸ
1100 2368 1275 2458 &apameae
1301 2367 1343 2432 ar*
1344 2389 1359 2441 ς
1389 2363 1457 2433 ἄνω

275 2479 397 2556 τάξεως
426 2484 603 2570 (eoronidem
637 2493 664 2546 et
692 2486 801 2564 apicem
832 2483 1001 2545 sublimioris
1032 2484 1070 2562 [io
1102 2480 1226 2558 Christo]
1258 2479 1456 2556 conditionis),

277 2589 332 2653 καὶ
353 2589 404 2654 ἀεὶ
425 2586 523 2676 οὔσης
544 2591 701 2676 θεότητος
724 2589 866 2656 e'dr‘lcooe
886 2592 976 2672 (haer.
999 2591 1067 2668 69).

319 2733 411 2792 Noto.
440 2709 548 2793 lterum
578 2731 675 2815 triplex
694 2774 696 2778 -
712 2729 867 2818 Evangelii·
897 2729 1089 2794 oousorihendi
1128 2748 1212 2792 eausa
1245 2731 1456 2812 pronuntiatur:

421 2835 424 2842 ’
444 2845 482 2916 οι)
503 2841 615 2904 Omissa
644 2860 670 2914 a,
688 2843 862 2922 synoptieis,
882 2843 929 2920 pl)
958 2841 1038 2902 amioi
1061 2840 1233 2918 rogitantes,
1264 2841 1298 2918 γ)
1320 2837 1455 2900 haereses

404 3023 410 3040 ἢ
442 2958 506 3012 tune
527 2953 660 3031 temporis
682 2958 851 3027 grassantes.
907 3017 915 3030 ,

296 3096 309 3114 ‘'
361 3084 505 3148 Uberrime
526 3086 646 3166 denique
664 3088 754 3148 omnia
776 3087 936 3169 complexus
958 3096 1002 3150 est
1022 3093 1236 3169 Hieronymus
1256 3089 1369 3168 (sorlpt.
1387 3087 1457 3148 eoel.

277 3213 304 3260 o.
329 3193 382 3270 9):
413 3195 556 3272 ,loannes
590 3196 761 3276 Apostolus,
792 3199 849 3272 ait,
883 3173 1154 3260 ...sevissimus
1190 3199 1308 3273 omnium
1346 3199 1459 3278 scripsit

280 3304 483 3384 Euangeliou,
505 3315 621 3385 rogatus
643 3301 683 3370 ah'
701 3307 786 3370 Asiae
806 3308 964 3400 episeopis,
995 3307 1127 3371 adversus
1150 3307 1307 3371 Corinthum
1328 3306 1460 3386 aliosque

279 3414 435 3479 haereticos
457 3425 484 3477 et
505 3418 626 3478 maxime
649 3425 715 3478 tuno
729 3414 914 3478 Ebionitamm
936 3416 1037 3495 dogma
1051 3436 1234 3497 consurgens,
1256 3420 1302 3496 qui
1317 3427 1460 3492 asserunt,

277 3521 417 3606 Christum
447 3533 512 3587 ante
540 3524 656 3588 hiarium
685 3544 737 3588 uou
765 3526 914 3588 luisse..
939 3525 1044 3588 Sed
1071 3536 1099 3589 et
1124 3527 1206 3588 aliam
1235 3545 1346 3588 oausam
1374 3526 1461 3606 hujus

277 3636 433 3715 seripturae
452 3634 562 3696 lerunt“
586 3644 640 3697 eto.
663 3635 724 3698 soil.
746 3635 940 3716 praetermissa
965 3654 981 3696 a
1003 3638 1123 3698 eaeteris
1141 3636 1328 3716 evangelistis.

282 3775 410 3834 ..Noto
442 3769 518 3832 Eece
547 3772 644 3833 eadem
680 3774 782 3854 triplex
814 3792 881 3834 ansa
910 3773 1132 3839 scribendi.-
1162 3741 1393 3855 Sopplementum
1425 3776 1462 3836 ad

386 3949 388 3954 ,
442 3890 614 3944 eaeteromm
637 3881 790 3962 Evangelia
811 3884 884 3963 quod
904 3887 1011 3963 attinet,
1033 3885 1153 3946 loannes
1174 3883 1295 3957 llusehio
1315 3903 1359 3962 ea,
1384 3904 1463 3966 quae

306 4077 309 4084 Ι
440 3989 556 4052 loannis
587 3992 666 4075 Bapt.
696 4002 826 4074 oapturae
855 4004 1084 4076 praecesserunt,
1120 3993 1296 4056 desiderasse
1327 4014 1361 4057 ao
1393 3997 1463 4058 dein

394 4081 398 4090 ’
440 4101 501 4180 ipse
515 4101 695 4183 ‚supplevisse
711 4102 837 4180 videtur,
859 4105 895 4166 ita
911 4115 940 4168 ut
953 4103 1135 4192 Epangelium
1147 4104 1264 4168 loannis
1282 4101 1324 4166 ad
1338 4101 1464 4188 πρῶτα

440 4205 506 4272 τῶν
525 4208 585 4274 τοτ’
598 4208 744 4294 Χριστοῦ
763 4209 927 4297 πράξεων,
948 4216 1050 4276 eaeteri
1071 4225 1163 4278 autem
1180 4214 1375 4293 evangelistae
1396 4213 1464 4303 τὴν

440 4317 496 4382 ἐπὶ
517 4316 600 4382 τέλει
617 4319 739 4406 χρόνον
764 4308 854 4402 αὐτῷ
882 4327 1093 4405 γεγενημένην
1121 4320 1264 4409 ἱστορίαν
1291 4323 1461 4390 oohiheant.
