3034 4934
266 349 309 424 ta

372 523 582 588 ‚damnantibus
603 529 632 581 et
664 516 921 580 scaudalinatiltos.
965 515 1042 578 Duae
1068 503 1192 598 inprimis
1222 513 1305 591 lalus
1331 514 1429 590 genen's

390 635 565 712 quaestiones
585 628 727 708 agitabant
747 627 906 698 ecclesiam,
928 625 963 687 de
984 622 1084 704 quibos
1101 624 1263 706 Apostolum
1287 641 1337 703 per
1349 622 1430 684 literas

345 765 353 784 ⁴
389 740 586 802 consolatonis
609 744 648 814 a)
669 737 704 800 ds
725 738 883 816 uirginitate
902 747 931 798 et
944 737 1139 811 matrimonio,
1161 736 1200 813 β)
1221 733 1259 793 de
1272 731 1430 809 trunonis.

392 849 448 911 Sed
471 857 499 908 et
519 849 570 910 alia
593 845 744 914 consimilia
766 855 843 906 crant
864 843 1062 926 componenda.

328 1001 361 1070 dt
396 997 605 1059 Periclitahatur
633 961 709 1057 ordo
739 1001 893 1073 positivus
920 1000 1025 1054 cultus
1059 997 1171 1069 diuini,
1203 993 1303 1072 impetu
1331 999 1434 1056 naturae

390 1107 556 1179 harmoniam
592 1107 697 1183 gratiae
732 1089 941 1185 perrumpente'
986 1104 1034 1162 Sic
1070 1101 1195 1161 mulieres
1225 1087 1350 1206 deposito
1377 1099 1434 1159 uelo

381 1215 544 1304 „libertatern
568 1215 687 1276 uirorum
709 1217 735 1275 in
757 1215 876 1275 ecclesia
888 1213 1059 1274 affectabant.
1083 1213 1131 1272 Sic
1145 1211 1235 1272 cultus
1251 1207 1435 1270 Eucharistiae
1501 1195 1502 1200 ¹

311 1317 318 1330 ’
390 1327 416 1386 in
439 1317 695 1387 commessationem
716 1324 860 1406 profanans
882 1313 1109 1401 degeneraverat.
1144 1321 1193 1380 Sic
1214 1303 1284 1381 ordo
1305 1328 1332 1380 et
1353 1321 1437 1380 assti-

391 1411 692 1496 natic'cnansnatun
722 1430 870 1494 fluctuabat
897 1440 924 1492 et
952 1450 1046 1491 eorum
1079 1448 1145 1490 usus
1174 1431 1200 1489 in
1228 1428 1351 1488 eeclesia
1382 1429 1437 1487 talis
1501 1413 1502 1432 ¹

320 1623 326 1636 Ι
391 1549 467 1619 erat,
490 1550 518 1602 ut
538 1550 615 1602 esset
637 1543 729 1622 potius
751 1540 878 1602 conlusio
900 1532 1057 1621 spiritualis,
1080 1557 1160 1618 quant
1182 1535 1332 1610 harmonia,
1354 1537 1438 1636 qualis

391 1669 455 1712 esse
476 1650 603 1714 debebat.

330 1806 361 1874 e)
390 1799 443 1873 Ubi
466 1799 635 1880 ⁸fermentum
663 1818 738 1862 rnsre
768 1800 890 1863 namrale
918 1808 946 1860 et
972 1817 1069 1862 reuera
1094 1798 1219 1878 genade,
1256 1805 1285 1876 ut
1312 1795 1438 1870 vidimus,
1501 1803 1502 1808 ’

391 1927 487 1978 omues
508 1911 581 1972 uitae
602 1911 814 1972 ecclesiasticae
835 1915 927 1989 partes
948 1908 1054 1982 infecit,
1077 1909 1173 1969 mirum
1195 1914 1324 1982 nonest,
1345 1905 1439 1982 dogma

392 2019 544 2100 principale
564 2017 726 2096 gentilitatis
743 2019 863 2096 denique
883 2035 1025 2100 apparere,
1048 2018 1244 2092 scopilionem
1256 2003 1348 2076 'vitus
1369 2033 1441 2074 aran

322 2133 326 2140 '
390 2138 482 2189 turae
503 2145 561 2188 seu
582 2131 826 2214 amaricationis
846 2135 1059 2204 mortuorum,
1089 2124 1163 2204 quod
1184 2124 1293 2204 quidam
1315 2121 1443 2192 audacis-

393 2237 458 2300 simi
479 2235 667 2318 proferebant..

318 2389 324 2406 '
354 2397 382 2461 3.
405 2390 482 2461 Talis
504 2407 562 2460 erat
581 2406 670 2460 status
692 2417 782 2461 rerum
806 2396 947 2476 Corinthi,
978 2399 1057 2476 cujus
1088 2407 1236 2459 naturum
1263 2395 1385 2457 breviter
1405 2397 1446 2456 sic

271 2527 423 2592 possumus
453 2507 583 2570 delinire:
616 2507 693 2571 Ordo
729 2505 945 2590 supernaturalis
972 2498 1125 2584 infringitur
1155 2523 1205 2588 per
1234 2506 1445 2568 inobedientiam

270 2631 392 2684 naturae.
436 2607 601 2681 intellectus¹
617 2618 756 2680 'humanos
795 2625 905 2681 recusat
941 2615 1086 2695 subjacere
1105 2611 1289 2693 'revelationi3
1320 2616 1446 2678 voluntas

270 2730 375 2790 excutit
395 2729 507 2808 legem3
529 2730 640 2809 spiritus
667 2720 837 2807 subJ'sctiuus
851 2736 880 2787 et
894 2727 1014 2807 privatus
1028 2725 1119 2787 turltat
1132 2709 1254 2788 ordinem
1268 2727 1445 2804 objectiuutn.

271 2876 311 2886 -
331 2841 495 2918 Sequetuc‘
517 2837 597 2899 facile
626 2836 825 2916 intelliguntur.
858 2825 921 2897 'Uni
952 2835 1086 2914 ejusmodi
1115 2831 1230 2917 spiritus
1259 2835 1447 2896 effrenationis

271 2947 440 3024 dominatur,
476 2944 621 3008 Ecclesiae
651 2948 739 3007 unitas
767 2947 920 3026 persistere
949 2947 1061 3024 neqult3
1098 2954 1125 3006 et
1159 2946 1185 3005 in
1218 2946 1306 3005 omnis
1337 2947 1445 3022 generis

270 3055 423 3133 haereses,
445 3057 599 3116 scissiones
620 3064 648 3115 et
668 3045 830 3116 cocleolis
850 3054 905 3115 lata
935 3062 1021 3136 putet.
1065 3051 1127 3115 lloc
1152 3047 1300 3136 periculum
1323 3051 1449 3114 Corinthi

271 3184 305 3228 eo
334 3167 426 3245 magis
452 3153 627 3242 imminebat;
660 3181 715 3245 quo
746 3167 915 3247 potentiores
945 3175 1021 3227 erant
1048 3167 1163 3249 spiritu,
1196 3164 1300 3225 divites
1323 3165 1352 3224 in
1377 3163 1454 3225 omni

272 3275 358 3338 verbo
379 3283 408 3336 et
429 3275 457 3336 in
479 3275 691 3337 omniscientis
713 3273 750 3352 (l.
774 3269 840 3338 Gor.
868 3271 897 3352 1,
920 3273 965 3349 5).

354 3409 434 3472 llunc
462 3410 564 3474 nodum
591 3411 702 3473 solvere
730 3413 837 3474 nonnisi
866 3427 983 3490 magnus
1005 3373 1061 3474 *ills
1090 3411 1237 3494 Apostolus
1267 3411 1396 3490 valebat,
1427 3421 1458 3472 et

253 3519 383 3608 ·quidern
396 3521 534 3604 ‘praesens
557 3521 631 3602 apud
654 3521 725 3584 illos.
770 3519 847 3584 Prius
868 3531 958 3584 amen
979 3521 1050 3584 lranc
1079 3520 1153 3583 dedit
1179 3519 1344 3602 epistolam,
1381 3540 1457 3600 quae

272 3630 325 3693 sibi
347 3631 418 3691 uiam
439 3641 621 3712 praepararet.
971 3625 974 3632 ’

355 3793 386 3856 4.
399 3794 464 3856 »lla
481 3795 563 3888 dictis
590 3815 705 3875 scopus
733 3797 872 3877 epistohe
900 3795 984 3875 facile
1003 3793 1124 3872 indagari
1145 3803 1250 3876 potest.
1294 3790 1458 3855 Consilium

274 3905 430 3986 proximum
451 3911 511 3984 est,
533 3905 657 3970 ordinem
674 3907 814 3968 turbatum
837 3907 990 3990 resdtnme.
1034 3903 1072 3966 llt
1090 3905 1144 3965 luae
1165 3911 1345 3982 assequatur,
1383 3922 1460 3986 opus

274 4024 320 4075 est
348 4015 496 4096 reprimere
522 4033 629 4079 omnem
661 4016 806 4077 numanam
837 4015 1039 4092 arrogantiam,
1074 4031 1108 4073 ne
1137 4011 1239 4099 divium·
1263 4029 1297 4071 se
1324 4014 1460 4092 ingeram

274 4125 400 4206 spiritum
421 4123 603 4206 subjectivum
625 4127 738 4188 domare
759 4133 787 4183 et
807 4123 1117 4202 subjicere.auctoritati
1143 4131 1171 4184 et
1191 4123 1355 4184 institutioni
1380 4123 1463 4185 diui-

273 4251 341 4310 naa3
370 4231 506 4299 breviter:
538 4237 698 4320 praedicare
731 4237 934 4322 audientium
970 4243 1001 4294 et
1029 4235 1315 4294 subordinationem
1348 4225 1464 4295 cccic-

275 4345 442 4407 siaslicutn.
983 4365 986 4373 ’
1287 4353 1290 4361 ’

1500 1941 1502 2072 l
