3070 4940
1256 282 1299 352 89

123 453 220 508 omnes
249 443 441 548 Evangelisias
469 445 565 522 maeel
601 447 739 508 sermonis
773 445 975 508 eruditissimus
1003 445 1071 525 luit,
1095 493 1101 508 .
1127 491 1164 509 ..
1200 449 1298 526 etqui

123 553 302 632 Evangelium
324 555 455 616 Groeorh
477 545 620 633 scripserit
640 563 695 614 eto.

166 670 258 726 Noto.
286 663 328 724 De
354 661 509 742 Theophilo
540 669 596 724 tum
624 671 735 726 veteres
769 671 827 724 tum
857 661 981 724 hodierni
1009 664 1159 742 scriptores
1188 662 1297 736 diversa

288 774 508 848 edisseruerunt,
536 774 600 850 quio
621 790 679 832 rem
700 789 752 832 oou
773 783 885 850 tangere
905 773 1050 852 potuerint.
1092 772 1152 832 lam
1174 771 1298 855 Epipha-
1398 800 1405 806 ·

289 885 349 945 nius
377 880 522 957 indigitat,
552 897 652 940 nomen
671 878 746 940 istud
775 875 877 943 πάντι
906 875 1190 964 ἀνθρώπῳθεόν
1220 878 1297 961 ἄγα·

288 989 584 1072 numerisrumeris,
617 998 697 1068 quom
725 991 883 1072 opinionem
910 999 938 1052 et
967 989 1004 1052 ol.
1028 990 1190 1068 lielthmayr
1209 985 1296 1054 rulem

288 1101 377 1163 habet.
419 1099 547 1160 Attamen
568 1099 630 1160 talis
651 1099 726 1160 iiotio
746 1117 796 1161 seu
818 1102 908 1180 potius
931 1101 1017 1160 inanis
1045 1100 1133 1179 figura
1158 1099 1296 1162 rhetorica
1349 1175 1351 1180 Ι
1441 1145 1444 1156 .

287 1229 302 1271 a
323 1211 419 1290 spiritu
440 1208 597 1290 apostolioo
611 1217 670 1270 toto
687 1209 767 1270 ooelo
782 1207 874 1271 distat.
889 1239 930 1254 -
945 1190 999 1270 Alli
1019 1208 1136 1270 eundem
1151 1211 1297 1271 Alemon-

286 1326 411 1386 drinum
442 1318 606 1397 (Lexiuogr.
628 1336 704 1379 suoo.
728 1317 798 1396 ii),
831 1317 875 1378 vel
903 1319 1131 1402 Aratioeltereum
1152 1318 1294 1397 (lleoogo.

286 1427 438 1490 Clementis
466 1427 512 1505 X,
544 1424 602 1505 71)
635 1428 722 1488 luisse
750 1435 906 1503 autumant3
941 1435 985 1486 ast
1015 1429 1043 1487 in
1078 1436 1171 1488 neutra
1202 1427 1296 1489 harum

257 1619 260 1627 Δ
286 1539 465 1600 eoolesiarum
493 1537 569 1600 llrma
593 1535 675 1614 hujus
703 1537 838 1618 opinionis
864 1535 971 1598 iraditio
998 1537 1139 1596 invenitur.
1169 1533 1212 1597 tii.
1231 1533 1296 1614 llug

285 1657 312 1707 et
334 1647 432 1724 Adalh.
451 1644 536 1707 lllaier
557 1665 592 1708 ex
613 1639 659 1723 eo,
681 1645 755 1725 quod
775 1646 803 1705 in
817 1643 968 1723 Evangelio
989 1663 1022 1706 ao
1042 1649 1069 1706 in
1090 1645 1206 1707 dotibus
1227 1665 1297 1708 uon-

284 1756 355 1817 nollo
384 1754 435 1836 do·
450 1755 517 1815 loois
545 1763 573 1814 et
599 1755 682 1816 rehus
711 1764 858 1816 ooourrunt
879 1755 922 1817 rel
951 1754 1066 1832 desunt,
1088 1756 1294 1834 oonoluserunt,
1417 1745 1421 1754 ’

201 1897 205 1904 ·
285 1866 401 1926 eundem
433 1865 628 1926 verosimiliter
664 1883 700 1924 ex
738 1865 817 1926 ltalia
845 1864 892 1924 vel
919 1863 1034 1926 Graecia
1070 1883 1170 1944 mogna
1209 1865 1295 1926 fuisse

281 1974 433 2036 oriundum.

654 2138 682 2202 t.
707 2134 757 2198 21.
815 2127 819 2136 '
884 2133 890 2144 ’

436 2272 644 2346 Argumentum
662 2270 815 2344 Evangelii
832 2285 858 2332 r.
875 2217 983 2333 huone.

199 2411 338 2492 Respeotu
348 2419 416 2471 tum
438 2412 549 2472 intorno
565 2412 583 2470 i.
600 2428 625 2470 e.
641 2409 830 2491 dispositionis
845 2409 881 2472 ab
895 2408 1076 2495 Epangelista
1090 2412 1149 2490 ipso
1164 2412 1293 2489 intentae,

117 2531 174 2581 tum
196 2529 306 2582 externo
326 2549 368 2566 -
389 2519 473 2580 relate
500 2519 533 2579 ud
563 2527 689 2580 ouetoros
710 2517 924 2598 Evangelistas,
953 2521 1064 2582 materia
1091 2519 1172 2601 hujus
1200 2520 1294 2582 Evau—

118 2630 186 2706 gelii
207 2629 291 2690 dividi
313 2630 452 2710 potest·in
473 2627 610 2710 duplioem
631 2629 766 2689 introitum
786 2637 816 2688 et
835 2637 891 2690 tres
914 2638 1015 2708 partes.

306 2731 311 2744 '
446 2751 450 2764 ·
499 2741 657 2800 introitus
676 2743 765 2815 prior
786 2737 826 2812 (i.
849 2735 906 2812 ll.)

116 2847 258 2909 historiam
281 2847 427 2907 natiuitatis
449 2855 478 2907 ot
498 2830 627 2908 inlantide
648 2835 747 2908 dhristi
769 2849 905 2923 eontinet3

386 2961 536 3018 introitus
554 2960 711 3034 posterior
733 2955 791 3029 (lll
812 2959 854 3004 -ἑ
874 2954 932 3033 iv,
958 2951 1012 3029 13)
1032 3001 1037 3010 ,
1136 2939 1140 2948 ’

115 3083 165 3140 eu,
187 3081 258 3151 quoe
279 3066 362 3162 vitpm
384 3063 526 3145 publioom
548 3063 653 3126 Christi
674 3065 832 3127 immediate
847 3063 1031 3146 praecedunt,
1053 3063 1195 3144 Baptistae
1207 3081 1290 3145 prae-

115 3175 301 3262 dicationem,
331 3175 516 3257 haptismum,
545 3176 730 3252 generationis
752 3174 906 3252 oaialogum
927 3183 955 3234 et
976 3175 1152 3235 tentationem
1174 3170 1289 3232 Christi.

401 3289 486 3368 Pars
504 3289 606 3361 primu
628 3282 702 3361 (iv,
727 3282 774 3346 14.
797 3314 835 3328 --
858 3282 916 3362 ix,
939 3281 994 3358 50)

114 3395 198 3454 vitam
220 3393 357 3474 puhlioom
380 3391 529 3466 christiin
551 3391 672 3457 Galilaea
693 3393 803 3476 pandit,
834 3402 862 3455 et
881 3395 908 3454 in
928 3392 983 3454 hae
1003 3390 1187 3459 evolutionem
1206 3407 1289 3452 rere-

114 3500 257 3576 latlouisa
279 3501 391 3564 Christo
413 3502 504 3564 laetae
523 3504 642 3564 maximo
663 3511 803 3565 externam
825 3521 889 3564 oum
910 3501 1017 3564 lunesto
1037 3511 1090 3562 suo
1109 3515 1253 3561 suooessu.

10 3684 15 3708 a
381 3611 466 3674 Pars
479 3619 587 3676 -oltoro
609 3613 685 3704 (lX,
709 3611 761 3682 51.
783 3643 822 3660 -
843 3611 943 3688 xvii,
966 3609 1022 3686 10)
1075 3671 1078 3677 .

4 3703 6 3730 '
112 3722 181 3784 duas
203 3723 439 3802 peregrinationes
462 3720 563 3786 Christi
584 3722 810 3802 Hierosolymam
831 3721 1023 3786 verosimiliter
1051 3719 1085 3781 ad
1115 3718 1224 3786 testum·
1244 3727 1289 3778 ta-

15 3896 17 3909 ,
113 3831 320 3894 hemuoulorum
335 3841 363 3894 et
376 3836 586 3914 encaeniorum,
608 3844 637 3896 et
657 3832 749 3896 iu‘his
764 3833 951 3896 evolutionem
972 3831 1148 3904 revelationis
1169 3829 1287 3890 maxime

14 3997 17 4035 ἱ
112 3945 287 4022 internum,
317 3943 512 4022 uiolentiam,
533 3947 594 4024 ejus
622 3963 686 4006 oum
713 3945 811 4026 spiritu
832 3943 915 4022 hujus
935 3941 1041 4006 saeculi
1063 3957 1184 4022 pugnam
1204 3946 1232 3999 et
1252 3938 1288 4000 de

111 4068 147 4112 eo
168 4051 345 4132 triumphum.
752 4121 781 4135 ,Ι

212 4231 214 4238 ,
392 4167 475 4226 Pura
496 4169 590 4229 tertio
609 4162 723 4241 (xvii,
749 4161 797 4225 11.
812 4191 859 4216 ’-
881 4159 1004 4236 XXIV.)
1255 4233 1258 4244 ¹

7 4319 9 4328 ,
109 4269 231 4332 ultimum
246 4267 349 4334 (lhristi
363 4273 416 4336 iter
428 4271 651 4351 hierosolymam
667 4283 696 4336 et
709 4273 801 4336 ultima
815 4273 876 4351 ojus
891 4271 949 4334 laia
963 4270 1091 4334 eontinet.
1182 4307 1185 4312 -
