<?xml version="1.0" encoding="UTF-8"?>
<!DOCTYPE html PUBLIC "-//W3C//DTD XHTML 1.0 Transitional//EN"
    "http://www.w3.org/TR/xhtml1/DTD/xhtml1-transitional.dtd">
<html xmlns="http://www.w3.org/1999/xhtml" xml:lang="en" lang="en">
 <head>
  <title>
</title>
<meta http-equiv="Content-Type" content="text/html;charset=utf-8" />
  <meta name='ocr-system' content='tesseract 3.04.00' />
  <meta name='ocr-capabilities' content='ocr_page ocr_carea ocr_par ocr_line ocrx_word'/>
</head>
<body>
  <div class='ocr_page' id='page_1' title='image "./introductioinli00messgoog_0153.png"; bbox 0 0 3034 4934; ppageno 0'>
   <div class='ocr_carea' id='block_1_1' title="bbox 262 292 323 370">
    <p class='ocr_par' dir='ltr' id='par_1_1' title="bbox 262 292 323 370">
     <span class='ocr_line' id='line_1_1' title="bbox 262 292 323 370; baseline 0 0"><span class='ocrx_word' id='word_1_1' title='bbox 262 292 323 370; x_wconf 80' lang='lat'><strong>14⁶</strong></span> 
     </span>
    </p>
   </div>
   <div class='ocr_carea' id='block_1_2' title="bbox 261 445 1416 758">
    <p class='ocr_par' dir='ltr' id='par_1_2' title="bbox 261 445 1416 758">
     <span class='ocr_line' id='line_1_2' title="bbox 261 445 1416 534; baseline -0.009 -15"><span class='ocrx_word' id='word_1_2' title='bbox 261 463 471 534; x_wconf 69' lang='lat' dir='ltr'>argumentum,</span> <span class='ocrx_word' id='word_1_3' title='bbox 501 467 597 512; x_wconf 87' lang='lat' dir='ltr'><strong>sacras</strong></span> <span class='ocrx_word' id='word_1_4' title='bbox 625 449 780 530; x_wconf 86' lang='lat' dir='ltr'><strong>Scriptmas</strong></span> <span class='ocrx_word' id='word_1_5' title='bbox 810 448 837 509; x_wconf 92' lang='lat' dir='ltr'><strong>in</strong></span> <span class='ocrx_word' id='word_1_6' title='bbox 865 449 1085 508; x_wconf 64' lang='lat' dir='ltr'><strong>essentialibus</strong></span> <span class='ocrx_word' id='word_1_7' title='bbox 1114 463 1131 508; x_wconf 87' lang='lat' dir='ltr'><strong>a</strong></span> <span class='ocrx_word' id='word_1_8' title='bbox 1158 445 1236 507; x_wconf 91' lang='lat' dir='ltr'><strong>nobis</strong></span> <span class='ocrx_word' id='word_1_9' title='bbox 1266 449 1416 528; x_wconf 84' lang='lat' dir='ltr'><strong>incorrupto</strong></span> 
     </span>
     <span class='ocr_line' id='line_1_3' title="bbox 263 563 820 644; baseline -0.02 -19"><span class='ocrx_word' id='word_1_10' title='bbox 263 563 410 644; x_wconf 87' lang='lat' dir='ltr'><strong>possideri.</strong></span> <span class='ocrx_word' id='word_1_11' title='bbox 813 605 820 614; x_wconf 94' lang='lat'><em>.</em></span> 
     </span>
     <span class='ocr_line' id='line_1_4' title="bbox 797 687 901 758; baseline -0.087 0"><span class='ocrx_word' id='word_1_12' title='bbox 797 691 826 758; x_wconf 75' lang='lat' dir='ltr'><strong>S.</strong></span> <span class='ocrx_word' id='word_1_13' title='bbox 851 687 901 752; x_wconf 81' lang='lat'><strong>98.</strong></span> 
     </span>
    </p>
   </div>
   <div class='ocr_carea' id='block_1_3' title="bbox 687 836 1020 898">
    <p class='ocr_par' dir='ltr' id='par_1_3' title="bbox 687 836 1020 898">
     <span class='ocr_line' id='line_1_5' title="bbox 687 836 1020 898; baseline 0.003 -2"><span class='ocrx_word' id='word_1_14' title='bbox 687 839 724 896; x_wconf 85' lang='lat' dir='ltr'><strong>tt</strong></span> <span class='ocrx_word' id='word_1_15' title='bbox 758 837 803 896; x_wconf 89' lang='lat' dir='ltr'><strong>tte</strong></span> <span class='ocrx_word' id='word_1_16' title='bbox 820 836 1020 898; x_wconf 69' lang='lat' dir='ltr'><strong>versionibus</strong></span> 
     </span>
    </p>
   </div>
   <div class='ocr_carea' id='block_1_4' title="bbox 262 987 1484 4321">
    <p class='ocr_par' dir='ltr' id='par_1_4' title="bbox 262 987 1426 1502">
     <span class='ocr_line' id='line_1_6' title="bbox 344 987 1422 1071; baseline -0.007 -17"><span class='ocrx_word' id='word_1_17' title='bbox 344 993 510 1054; x_wconf 88' lang='lat' dir='ltr'><strong>Versionum</strong></span> <span class='ocrx_word' id='word_1_18' title='bbox 541 1007 609 1050; x_wconf 89' lang='lat' dir='ltr'><strong>usus</strong></span> <span class='ocrx_word' id='word_1_19' title='bbox 640 989 740 1071; x_wconf 86' lang='lat' dir='ltr'><strong>duplex</strong></span> <span class='ocrx_word' id='word_1_20' title='bbox 768 997 829 1050; x_wconf 92' lang='lat' dir='ltr'><strong>est:</strong></span> <span class='ocrx_word' id='word_1_21' title='bbox 867 992 997 1049; x_wconf 72' lang='lat' dir='ltr'><strong>criticus</strong></span> <span class='ocrx_word' id='word_1_22' title='bbox 1028 988 1063 1050; x_wconf 88' lang='lat' dir='ltr'><strong>ad</strong></span> <span class='ocrx_word' id='word_1_23' title='bbox 1092 987 1312 1066; x_wconf 85' lang='lat' dir='ltr'><strong>dignoscendum</strong></span> <span class='ocrx_word' id='word_1_24' title='bbox 1340 995 1422 1048; x_wconf 75' lang='lat' dir='ltr'><strong>mnan</strong></span> 
     </span>
     <span class='ocr_line' id='line_1_7' title="bbox 264 1097 1423 1180; baseline -0.009 -16"><span class='ocrx_word' id='word_1_25' title='bbox 264 1103 444 1180; x_wconf 79' lang='lat' dir='ltr'>originalem,</span> <span class='ocrx_word' id='word_1_26' title='bbox 467 1109 513 1176; x_wconf 92' lang='lat' dir='ltr'><strong>et,</strong></span> <span class='ocrx_word' id='word_1_27' title='bbox 536 1101 582 1179; x_wconf 87' lang='lat' dir='ltr'><strong>qui</strong></span> <span class='ocrx_word' id='word_1_28' title='bbox 603 1099 717 1175; x_wconf 84' lang='lat' dir='ltr'><strong>maioris</strong></span> <span class='ocrx_word' id='word_1_29' title='bbox 739 1105 783 1157; x_wconf 92' lang='lat' dir='ltr'><strong>est</strong></span> <span class='ocrx_word' id='word_1_30' title='bbox 806 1097 958 1173; x_wconf 78' lang='lat' dir='ltr'><strong>momenti,</strong></span> <span class='ocrx_word' id='word_1_31' title='bbox 981 1099 1251 1175; x_wconf 79' lang='lat' dir='ltr'><strong>termeneuttcus,</strong></span> <span class='ocrx_word' id='word_1_32' title='bbox 1273 1113 1329 1174; x_wconf 88' lang='lat' dir='ltr'><strong>quo</strong></span> <span class='ocrx_word' id='word_1_33' title='bbox 1351 1103 1423 1155; x_wconf 82' lang='lat' dir='ltr'><strong>textus</strong></span> 
     </span>
     <span class='ocr_line' id='line_1_8' title="bbox 262 1203 1422 1288; baseline -0.009 -16"><span class='ocrx_word' id='word_1_34' title='bbox 262 1212 317 1272; x_wconf 84' lang='lat' dir='ltr'><strong>iste</strong></span> <span class='ocrx_word' id='word_1_35' title='bbox 346 1209 454 1270; x_wconf 79' lang='lat' dir='ltr'><strong>facilius</strong></span> <span class='ocrx_word' id='word_1_36' title='bbox 482 1208 664 1288; x_wconf 84' lang='lat' dir='ltr'><strong>intelligatur3</strong></span> <span class='ocrx_word' id='word_1_37' title='bbox 695 1223 746 1287; x_wconf 86' lang='lat' dir='ltr'><strong>pro</strong></span> <span class='ocrx_word' id='word_1_38' title='bbox 774 1206 872 1281; x_wconf 87' lang='lat' dir='ltr'><strong>nobis,</strong></span> <span class='ocrx_word' id='word_1_39' title='bbox 902 1207 948 1284; x_wconf 89' lang='lat' dir='ltr'><strong>qui</strong></span> <span class='ocrx_word' id='word_1_40' title='bbox 977 1203 1060 1266; x_wconf 85' lang='lat' dir='ltr'><strong>fldem</strong></span> <span class='ocrx_word' id='word_1_41' title='bbox 1087 1204 1249 1284; x_wconf 75' lang='lat' dir='ltr'><strong>catholicam</strong></span> <span class='ocrx_word' id='word_1_42' title='bbox 1273 1205 1422 1285; x_wconf 85' lang='lat' dir='ltr'><strong>profitemur,</strong></span> 
     </span>
     <span class='ocr_line' id='line_1_9' title="bbox 262 1311 1424 1397; baseline -0.009 -18"><span class='ocrx_word' id='word_1_43' title='bbox 262 1321 356 1379; x_wconf 90' lang='lat' dir='ltr'><strong>versio</strong></span> <span class='ocrx_word' id='word_1_44' title='bbox 377 1319 470 1394; x_wconf 89' lang='lat' dir='ltr'><strong>latina,</strong></span> <span class='ocrx_word' id='word_1_45' title='bbox 492 1335 564 1397; x_wconf 87' lang='lat' dir='ltr'><strong>quae</strong></span> <span class='ocrx_word' id='word_1_46' title='bbox 589 1321 723 1390; x_wconf 68' lang='lat' dir='ltr'><strong>Vulgata</strong></span> <span class='ocrx_word' id='word_1_47' title='bbox 744 1312 837 1392; x_wconf 92' lang='lat' dir='ltr'><strong>audit,</strong></span> <span class='ocrx_word' id='word_1_48' title='bbox 859 1331 908 1394; x_wconf 94' lang='lat' dir='ltr'><strong>per</strong></span> <span class='ocrx_word' id='word_1_49' title='bbox 929 1331 1009 1374; x_wconf 91' lang='lat' dir='ltr'><strong>usum</strong></span> <span class='ocrx_word' id='word_1_50' title='bbox 1031 1311 1183 1374; x_wconf 87' lang='lat' dir='ltr'><strong>Ecclesiae·</strong></span> <span class='ocrx_word' id='word_1_51' title='bbox 1197 1313 1366 1373; x_wconf 85' lang='lat' dir='ltr'><strong>sanctificata</strong></span> <span class='ocrx_word' id='word_1_52' title='bbox 1385 1319 1424 1370; x_wconf 90' lang='lat' dir='ltr'><strong>est.</strong></span> 
     </span>
     <span class='ocr_line' id='line_1_10' title="bbox 263 1421 1426 1502; baseline -0.008 -15"><span class='ocrx_word' id='word_1_53' title='bbox 263 1423 377 1489; x_wconf 80' lang='lat' dir='ltr'><strong>Praeter</strong></span> <span class='ocrx_word' id='word_1_54' title='bbox 396 1424 468 1486; x_wconf 89' lang='lat' dir='ltr'><strong>bauo</strong></span> <span class='ocrx_word' id='word_1_55' title='bbox 488 1426 568 1486; x_wconf 88' lang='lat' dir='ltr'><strong>nobis</strong></span> <span class='ocrx_word' id='word_1_56' title='bbox 591 1421 784 1485; x_wconf 77' lang='lat' dir='ltr'><strong>memorandae</strong></span> <span class='ocrx_word' id='word_1_57' title='bbox 805 1425 888 1483; x_wconf 91' lang='lat' dir='ltr'><strong>etiam</strong></span> <span class='ocrx_word' id='word_1_58' title='bbox 909 1430 972 1483; x_wconf 91' lang='lat' dir='ltr'><strong>sunt</strong></span> <span class='ocrx_word' id='word_1_59' title='bbox 997 1424 1092 1482; x_wconf 86' lang='lat' dir='ltr'><strong>versio</strong></span> <span class='ocrx_word' id='word_1_60' title='bbox 1114 1427 1243 1502; x_wconf 81' lang='lat' dir='ltr'><strong>sprioen</strong></span> <span class='ocrx_word' id='word_1_61' title='bbox 1264 1430 1294 1483; x_wconf 92' lang='lat' dir='ltr'><strong>et</strong></span> <span class='ocrx_word' id='word_1_62' title='bbox 1314 1425 1426 1494; x_wconf 74' lang='lat' dir='ltr'><strong>yotln&#39;cn.</strong></span> 
     </span>
    </p>

    <p class='ocr_par' dir='ltr' id='par_1_5' title="bbox 264 1529 1484 4321">
     <span class='ocr_line' id='line_1_11' title="bbox 349 1529 1428 1611; baseline -0.006 -16"><span class='ocrx_word' id='word_1_63' title='bbox 349 1533 375 1596; x_wconf 83' lang='lat' dir='ltr'><strong>l.</strong></span> <span class='ocrx_word' id='word_1_64' title='bbox 402 1539 548 1608; x_wconf 72' lang='lat' dir='ltr'><strong>Vulgata.</strong></span> <span class='ocrx_word' id='word_1_65' title='bbox 569 1533 690 1594; x_wconf 86' lang='lat' dir='ltr'><strong>Primum</strong></span> <span class='ocrx_word' id='word_1_66' title='bbox 705 1532 807 1593; x_wconf 88' lang='lat' dir='ltr'><strong>multae</strong></span> <span class='ocrx_word' id='word_1_67' title='bbox 820 1529 932 1592; x_wconf 82' lang='lat' dir='ltr'><strong>luerunt</strong></span> <span class='ocrx_word' id='word_1_68' title='bbox 947 1533 1090 1591; x_wconf 84' lang='lat' dir='ltr'><strong>versiones</strong></span> <span class='ocrx_word' id='word_1_69' title='bbox 1103 1531 1224 1606; x_wconf 88' lang='lat' dir='ltr'><strong>latinae,</strong></span> <span class='ocrx_word' id='word_1_70' title='bbox 1245 1533 1334 1611; x_wconf 89' lang='lat' dir='ltr'><strong>prima</strong></span> <span class='ocrx_word' id='word_1_71' title='bbox 1354 1539 1428 1590; x_wconf 71' lang='lat' dir='ltr'><strong>anem</strong></span> 
     </span>
     <span class='ocr_line' id='line_1_12' title="bbox 264 1627 1484 1720; baseline -0.004 -17"><span class='ocrx_word' id='word_1_72' title='bbox 264 1643 438 1703; x_wconf 76' lang='lat' dir='ltr'><strong>viriiomae</strong></span> <span class='ocrx_word' id='word_1_73' title='bbox 459 1650 554 1703; x_wconf 84' lang='lat' dir='ltr'><strong>exorta</strong></span> <span class='ocrx_word' id='word_1_74' title='bbox 576 1640 704 1716; x_wconf 86' lang='lat' dir='ltr'><strong>videtur,</strong></span> <span class='ocrx_word' id='word_1_75' title='bbox 717 1681 718 1684; x_wconf 20' lang='grc' dir='ltr'><strong>κ</strong></span> <span class='ocrx_word' id='word_1_76' title='bbox 732 1641 862 1720; x_wconf 84' lang='lat' dir='ltr'><strong>quoniam</strong></span> <span class='ocrx_word' id='word_1_77' title='bbox 891 1642 951 1720; x_wconf 94' lang='lat' dir='ltr'><strong>ipsa</strong></span> <span class='ocrx_word' id='word_1_78' title='bbox 981 1639 1062 1720; x_wconf 91' lang='lat' dir='ltr'><strong>plebs</strong></span> <span class='ocrx_word' id='word_1_79' title='bbox 1091 1639 1192 1700; x_wconf 88' lang='lat' dir='ltr'><strong>urbana</strong></span> <span class='ocrx_word' id='word_1_80' title='bbox 1225 1648 1289 1700; x_wconf 93' lang='lat' dir='ltr'><strong>tunc</strong></span> <span class='ocrx_word' id='word_1_81' title='bbox 1318 1640 1431 1720; x_wconf 90' lang='lat' dir='ltr'><strong>temporis</strong></span> <span class='ocrx_word' id='word_1_82' title='bbox 1483 1627 1484 1642; x_wconf 51' lang='lat'>¹</span> 
     </span>
     <span class='ocr_line' id='line_1_13' title="bbox 266 1746 1431 1828; baseline -0.002 -18"><span class='ocrx_word' id='word_1_83' title='bbox 266 1750 378 1828; x_wconf 81' lang='lat' dir='ltr'><strong>linguae</strong></span> <span class='ocrx_word' id='word_1_84' title='bbox 406 1767 523 1824; x_wconf 81' lang='lat' dir='ltr'><strong>graecae</strong></span> <span class='ocrx_word' id='word_1_85' title='bbox 554 1757 629 1810; x_wconf 90' lang='lat' dir='ltr'><strong>certe</strong></span> <span class='ocrx_word' id='word_1_86' title='bbox 655 1758 709 1808; x_wconf 90' lang='lat' dir='ltr'><strong>tam</strong></span> <span class='ocrx_word' id='word_1_87' title='bbox 739 1765 824 1824; x_wconf 88' lang='lat' dir='ltr'><strong>gnara</strong></span> <span class='ocrx_word' id='word_1_88' title='bbox 855 1747 924 1824; x_wconf 86' lang='lat' dir='ltr'><strong>luit,</strong></span> <span class='ocrx_word' id='word_1_89' title='bbox 956 1754 985 1806; x_wconf 91' lang='lat' dir='ltr'><strong>ut</strong></span> <span class='ocrx_word' id='word_1_90' title='bbox 1017 1748 1145 1807; x_wconf 85' lang='lat' dir='ltr'><strong>versione</strong></span> <span class='ocrx_word' id='word_1_91' title='bbox 1171 1746 1254 1807; x_wconf 90' lang='lat' dir='ltr'><strong>latina</strong></span> <span class='ocrx_word' id='word_1_92' title='bbox 1283 1747 1356 1808; x_wconf 92' lang='lat' dir='ltr'><strong>haud</strong></span> <span class='ocrx_word' id='word_1_93' title='bbox 1376 1766 1431 1827; x_wconf 89' lang='lat' dir='ltr'><strong>opus</strong></span> 
     </span>
     <span class='ocr_line' id='line_1_14' title="bbox 267 1853 1434 1919; baseline -0.003 -2"><span class='ocrx_word' id='word_1_94' title='bbox 267 1857 357 1918; x_wconf 84' lang='lat' dir='ltr'><strong>luerit.</strong></span> <span class='ocrx_word' id='word_1_95' title='bbox 401 1857 475 1919; x_wconf 84' lang='lat' dir='ltr'><strong>Alibi</strong></span> <span class='ocrx_word' id='word_1_96' title='bbox 497 1861 523 1918; x_wconf 89' lang='lat' dir='ltr'><strong>in</strong></span> <span class='ocrx_word' id='word_1_97' title='bbox 546 1857 624 1918; x_wconf 90' lang='lat' dir='ltr'><strong>ltalia</strong></span> <span class='ocrx_word' id='word_1_98' title='bbox 646 1858 720 1918; x_wconf 88' lang='lat' dir='ltr'><strong>iacta</strong></span> <span class='ocrx_word' id='word_1_99' title='bbox 741 1856 830 1916; x_wconf 82' lang='lat' dir='ltr'><strong>fuisse</strong></span> <span class='ocrx_word' id='word_1_100' title='bbox 851 1855 968 1916; x_wconf 92' lang='lat' dir='ltr'><strong>videtur.</strong></span> <span class='ocrx_word' id='word_1_101' title='bbox 1014 1853 1199 1916; x_wconf 82' lang='lat' dir='ltr'><strong>celeberrima</strong></span> <span class='ocrx_word' id='word_1_102' title='bbox 1222 1858 1380 1918; x_wconf 87' lang='lat' dir='ltr'><strong>versionum</strong></span> <span class='ocrx_word' id='word_1_103' title='bbox 1397 1855 1434 1914; x_wconf 89' lang='lat' dir='ltr'><strong>la·</strong></span> 
     </span>
     <span class='ocr_line' id='line_1_15' title="bbox 268 1961 1431 2044; baseline -0.002 -18"><span class='ocrx_word' id='word_1_104' title='bbox 268 1968 386 2026; x_wconf 86' lang='lat' dir='ltr'><strong>tinorum</strong></span> <span class='ocrx_word' id='word_1_105' title='bbox 408 1969 498 2026; x_wconf 87' lang='lat' dir='ltr'><strong>evasit</strong></span> <span class='ocrx_word' id='word_1_106' title='bbox 518 1968 561 2025; x_wconf 93' lang='lat' dir='ltr'><strong>sic</strong></span> <span class='ocrx_word' id='word_1_107' title='bbox 583 1965 655 2025; x_wconf 88' lang='lat' dir='ltr'><strong>dicta</strong></span> <span class='ocrx_word' id='word_1_108' title='bbox 679 1961 818 2041; x_wconf 83' lang='lat' dir='ltr'><strong>,ltolo“,</strong></span> <span class='ocrx_word' id='word_1_109' title='bbox 841 1982 930 2042; x_wconf 91' lang='lat' dir='ltr'><strong>quae,</strong></span> <span class='ocrx_word' id='word_1_110' title='bbox 955 1982 1018 2023; x_wconf 95' lang='lat' dir='ltr'><strong>cum</strong></span> <span class='ocrx_word' id='word_1_111' title='bbox 1035 1966 1233 2044; x_wconf 84' lang='lat' dir='ltr'><strong>praecaeteris</strong></span> <span class='ocrx_word' id='word_1_112' title='bbox 1251 1968 1431 2024; x_wconf 81' lang='lat' dir='ltr'><strong>essetdinul-</strong></span> 
     </span>
     <span class='ocr_line' id='line_1_16' title="bbox 264 2072 1436 2153; baseline -0.003 -20"><span class='ocrx_word' id='word_1_113' title='bbox 264 2084 373 2153; x_wconf 78' lang='lat' dir='ltr'><strong>9oto,·</strong></span> <span class='ocrx_word' id='word_1_114' title='bbox 389 2077 525 2147; x_wconf 72' lang='lat' dir='ltr'><strong>Vulgata</strong></span> <span class='ocrx_word' id='word_1_115' title='bbox 548 2072 591 2132; x_wconf 93' lang='lat' dir='ltr'><strong>vel</strong></span> <span class='ocrx_word' id='word_1_116' title='bbox 613 2077 784 2134; x_wconf 83' lang='lat' dir='ltr'><strong>eommunis</strong></span> <span class='ocrx_word' id='word_1_117' title='bbox 804 2072 963 2148; x_wconf 74' lang='lat' dir='ltr'><strong>dicebatur,</strong></span> <span class='ocrx_word' id='word_1_118' title='bbox 991 2081 1019 2131; x_wconf 93' lang='lat' dir='ltr'><strong>et</strong></span> <span class='ocrx_word' id='word_1_119' title='bbox 1046 2091 1061 2131; x_wconf 93' lang='lat' dir='ltr'><strong>a</strong></span> <span class='ocrx_word' id='word_1_120' title='bbox 1088 2091 1112 2131; x_wconf 92' lang='lat' dir='ltr'><strong>s.</strong></span> <span class='ocrx_word' id='word_1_121' title='bbox 1146 2072 1304 2150; x_wconf 84' lang='lat' dir='ltr'><strong>Augustino</strong></span> <span class='ocrx_word' id='word_1_122' title='bbox 1335 2074 1436 2134; x_wconf 90' lang='lat' dir='ltr'><strong>summis</strong></span> 
     </span>
     <span class='ocr_line' id='line_1_17' title="bbox 269 2181 1437 2263; baseline 0 -21"><span class='ocrx_word' id='word_1_123' title='bbox 269 2181 396 2243; x_wconf 89' lang='lat' dir='ltr'><strong>laudibus</strong></span> <span class='ocrx_word' id='word_1_124' title='bbox 426 2181 627 2258; x_wconf 79' lang='lat' dir='ltr'><strong>extollebatur,</strong></span> <span class='ocrx_word' id='word_1_125' title='bbox 660 2191 754 2263; x_wconf 92' lang='lat' dir='ltr'><strong>utpote</strong></span> <span class='ocrx_word' id='word_1_126' title='bbox 783 2200 854 2261; x_wconf 87' lang='lat' dir='ltr'><strong>quae</strong></span> <span class='ocrx_word' id='word_1_127' title='bbox 884 2190 948 2259; x_wconf 85' lang='lat' dir='ltr'><strong>„est</strong></span> <span class='ocrx_word' id='word_1_128' title='bbox 974 2181 1118 2242; x_wconf 89' lang='lat' dir='ltr'><strong>verbcmm</strong></span> <span class='ocrx_word' id='word_1_129' title='bbox 1148 2185 1274 2244; x_wconf 91' lang='lat' dir='ltr'><strong>tenacior</strong></span> <span class='ocrx_word' id='word_1_130' title='bbox 1295 2201 1359 2244; x_wconf 91' lang='lat' dir='ltr'><strong>cum</strong></span> <span class='ocrx_word' id='word_1_131' title='bbox 1380 2201 1437 2262; x_wconf 91' lang='lat' dir='ltr'><strong>per·</strong></span> 
     </span>
     <span class='ocr_line' id='line_1_18' title="bbox 271 2287 1441 2371; baseline 0 -21"><span class='ocrx_word' id='word_1_132' title='bbox 271 2292 414 2371; x_wconf 89' lang='lat' dir='ltr'><strong>spieuilate</strong></span> <span class='ocrx_word' id='word_1_133' title='bbox 435 2293 606 2351; x_wconf 76' lang='lat' dir='ltr'><strong>sententiae⁴‘</strong></span> <span class='ocrx_word' id='word_1_134' title='bbox 630 2290 677 2366; x_wconf 89' lang='lat' dir='ltr'><strong>(L.</strong></span> <span class='ocrx_word' id='word_1_135' title='bbox 701 2290 735 2352; x_wconf 93' lang='lat' dir='ltr'><strong>ll.</strong></span> <span class='ocrx_word' id='word_1_136' title='bbox 759 2291 794 2350; x_wconf 92' lang='lat' dir='ltr'><strong>de</strong></span> <span class='ocrx_word' id='word_1_137' title='bbox 816 2291 905 2353; x_wconf 87' lang='lat' dir='ltr'><strong>doctr.</strong></span> <span class='ocrx_word' id='word_1_138' title='bbox 930 2287 1032 2358; x_wconf 77' lang='lat' dir='ltr'><strong>Christ.</strong></span> <span class='ocrx_word' id='word_1_139' title='bbox 1057 2289 1121 2359; x_wconf 88' lang='grc'>16).</span> <span class='ocrx_word' id='word_1_140' title='bbox 1145 2289 1213 2350; x_wconf 84' lang='lat' dir='ltr'><strong>Cum</strong></span> <span class='ocrx_word' id='word_1_141' title='bbox 1237 2291 1309 2352; x_wconf 92' lang='lat' dir='ltr'><strong>haec</strong></span> <span class='ocrx_word' id='word_1_142' title='bbox 1332 2301 1361 2352; x_wconf 91' lang='lat' dir='ltr'><strong>et</strong></span> <span class='ocrx_word' id='word_1_143' title='bbox 1381 2291 1441 2351; x_wconf 86' lang='lat' dir='ltr'><strong>aliae</strong></span> 
     </span>
     <span class='ocr_line' id='line_1_19' title="bbox 269 2387 1442 2484; baseline 0.003 -26"><span class='ocrx_word' id='word_1_144' title='bbox 269 2387 461 2459; x_wconf 79' lang='lat' dir='ltr'><strong>verosimiliter</strong></span> <span class='ocrx_word' id='word_1_145' title='bbox 481 2399 594 2460; x_wconf 89' lang='lat' dir='ltr'><strong>saeculo</strong></span> <span class='ocrx_word' id='word_1_146' title='bbox 615 2400 738 2462; x_wconf 90' lang='lat' dir='ltr'><strong>secundo</strong></span> <span class='ocrx_word' id='word_1_147' title='bbox 761 2408 871 2460; x_wconf 85' lang='lat' dir='ltr'><strong>exortae</strong></span> <span class='ocrx_word' id='word_1_148' title='bbox 892 2403 962 2476; x_wconf 91' lang='lat' dir='ltr'><strong>sint,</strong></span> <span class='ocrx_word' id='word_1_149' title='bbox 992 2418 1088 2460; x_wconf 89' lang='lat' dir='ltr'><strong>omnes</strong></span> <span class='ocrx_word' id='word_1_150' title='bbox 1115 2399 1174 2484; x_wconf 79' lang='grc' dir='ltr'><strong>τὴν</strong></span> <span class='ocrx_word' id='word_1_151' title='bbox 1194 2399 1303 2484; x_wconf 80' lang='grc' dir='ltr'><strong><em>κοινὴν</em></strong></span> <span class='ocrx_word' id='word_1_152' title='bbox 1326 2399 1442 2462; x_wconf 78' lang='grc' dir='ltr'><strong>ἔκδοσιν</strong></span> 
     </span>
     <span class='ocr_line' id='line_1_20' title="bbox 270 2501 1443 2588; baseline 0 -22"><span class='ocrx_word' id='word_1_153' title='bbox 270 2507 289 2566; x_wconf 89' lang='lat' dir='ltr'><strong>i.</strong></span> <span class='ocrx_word' id='word_1_154' title='bbox 313 2527 338 2570; x_wconf 92' lang='lat' dir='ltr'><strong>e.</strong></span> <span class='ocrx_word' id='word_1_155' title='bbox 362 2515 465 2567; x_wconf 87' lang='lat' dir='ltr'><strong>textum</strong></span> <span class='ocrx_word' id='word_1_156' title='bbox 486 2511 666 2586; x_wconf 90' lang='lat' dir='ltr'><strong>originarium</strong></span> <span class='ocrx_word' id='word_1_157' title='bbox 688 2517 749 2568; x_wconf 87' lang='lat' dir='ltr'><strong>ante</strong></span> <span class='ocrx_word' id='word_1_158' title='bbox 777 2511 956 2570; x_wconf 85' lang='lat' dir='ltr'><strong>recensiones</strong></span> <span class='ocrx_word' id='word_1_159' title='bbox 987 2508 1074 2568; x_wconf 87' lang='lat' dir='ltr'><strong>iactas</strong></span> <span class='ocrx_word' id='word_1_160' title='bbox 1101 2501 1239 2588; x_wconf 60' lang='lat' dir='ltr'><strong>&#39;sequutae</strong></span> <span class='ocrx_word' id='word_1_161' title='bbox 1269 2519 1346 2570; x_wconf 91' lang='lat' dir='ltr'><strong>sunt.</strong></span> <span class='ocrx_word' id='word_1_162' title='bbox 1389 2508 1443 2568; x_wconf 84' lang='lat' dir='ltr'><strong>lior</strong></span> 
     </span>
     <span class='ocr_line' id='line_1_21' title="bbox 272 2615 1444 2699; baseline -0.001 -24"><span class='ocrx_word' id='word_1_163' title='bbox 272 2615 341 2675; x_wconf 86' lang='lat' dir='ltr'><strong>aliae</strong></span> <span class='ocrx_word' id='word_1_164' title='bbox 370 2617 472 2676; x_wconf 90' lang='lat' dir='ltr'><strong>diversi</strong></span> <span class='ocrx_word' id='word_1_165' title='bbox 504 2620 617 2693; x_wconf 88' lang='lat' dir='ltr'><strong>generis</strong></span> <span class='ocrx_word' id='word_1_166' title='bbox 650 2619 836 2678; x_wconf 89' lang='lat' dir='ltr'><strong>correctiones</strong></span> <span class='ocrx_word' id='word_1_167' title='bbox 867 2616 1053 2678; x_wconf 81' lang='lat' dir='ltr'><strong>inferebantur</strong></span> <span class='ocrx_word' id='word_1_168' title='bbox 1084 2635 1172 2696; x_wconf 87' lang='lat' dir='ltr'><strong>usque</strong></span> <span class='ocrx_word' id='word_1_169' title='bbox 1206 2617 1240 2678; x_wconf 86' lang='lat' dir='ltr'><strong>ad</strong></span> <span class='ocrx_word' id='word_1_170' title='bbox 1269 2627 1398 2699; x_wconf 90' lang='lat' dir='ltr'><strong>tempora</strong></span> <span class='ocrx_word' id='word_1_171' title='bbox 1423 2636 1444 2676; x_wconf 93' lang='lat' dir='ltr'><strong>s.</strong></span> 
     </span>
     <span class='ocr_line' id='line_1_22' title="bbox 273 2721 1446 2804; baseline 0.001 -21"><span class='ocrx_word' id='word_1_172' title='bbox 273 2721 447 2800; x_wconf 80' lang='lat' dir='ltr'><strong>Hieronymi.</strong></span> <span class='ocrx_word' id='word_1_173' title='bbox 468 2722 523 2785; x_wconf 89' lang='lat' dir='ltr'><strong>liic</strong></span> <span class='ocrx_word' id='word_1_174' title='bbox 539 2728 621 2803; x_wconf 91' lang='lat' dir='ltr'><strong>jussu</strong></span> <span class='ocrx_word' id='word_1_175' title='bbox 644 2725 744 2785; x_wconf 92' lang='lat' dir='ltr'><strong>summi</strong></span> <span class='ocrx_word' id='word_1_176' title='bbox 765 2724 909 2786; x_wconf 86' lang='lat' dir='ltr'><strong>Pontificis</strong></span> <span class='ocrx_word' id='word_1_177' title='bbox 930 2725 1043 2787; x_wconf 89' lang='lat' dir='ltr'><strong>Damasi</strong></span> <span class='ocrx_word' id='word_1_178' title='bbox 1065 2724 1087 2785; x_wconf 92' lang='grc' dir='ltr'><strong>Ι.</strong></span> <span class='ocrx_word' id='word_1_179' title='bbox 1109 2743 1206 2786; x_wconf 90' lang='lat' dir='ltr'><strong>novam</strong></span> <span class='ocrx_word' id='word_1_180' title='bbox 1228 2726 1369 2804; x_wconf 88' lang='lat' dir='ltr'><strong>Vulgatae</strong></span> <span class='ocrx_word' id='word_1_181' title='bbox 1389 2744 1446 2785; x_wconf 92' lang='lat' dir='ltr'><strong>ver-</strong></span> 
     </span>
     <span class='ocr_line' id='line_1_23' title="bbox 274 2833 1447 2916; baseline 0.002 -25"><span class='ocrx_word' id='word_1_182' title='bbox 274 2835 363 2893; x_wconf 90' lang='lat' dir='ltr'><strong>sionis</strong></span> <span class='ocrx_word' id='word_1_183' title='bbox 392 2835 585 2894; x_wconf 88' lang='lat' dir='ltr'><strong>recensionem</strong></span> <span class='ocrx_word' id='word_1_184' title='bbox 613 2834 724 2894; x_wconf 84' lang='lat' dir='ltr'><strong>instituit</strong></span> <span class='ocrx_word' id='word_1_185' title='bbox 754 2842 782 2892; x_wconf 93' lang='lat' dir='ltr'><strong>et</strong></span> <span class='ocrx_word' id='word_1_186' title='bbox 809 2833 916 2893; x_wconf 90' lang='lat' dir='ltr'><strong>collatis</strong></span> <span class='ocrx_word' id='word_1_187' title='bbox 939 2835 1054 2912; x_wconf 91' lang='lat' dir='ltr'><strong>antiquis</strong></span> <span class='ocrx_word' id='word_1_188' title='bbox 1076 2834 1216 2895; x_wconf 89' lang='lat' dir='ltr'><strong>codicibus</strong></span> <span class='ocrx_word' id='word_1_189' title='bbox 1237 2839 1354 2916; x_wconf 82' lang='lat' dir='ltr'><strong>graecis</strong></span> <span class='ocrx_word' id='word_1_190' title='bbox 1376 2853 1447 2913; x_wconf 90' lang='lat' dir='ltr'><strong>quam</strong></span> 
     </span>
     <span class='ocr_line' id='line_1_24' title="bbox 276 2937 1448 3020; baseline -0.002 -20"><span class='ocrx_word' id='word_1_191' title='bbox 276 2939 486 3017; x_wconf 87' lang='lat' dir='ltr'><strong>diligentissime</strong></span> <span class='ocrx_word' id='word_1_192' title='bbox 517 2941 632 3020; x_wconf 88' lang='lat' dir='ltr'><strong>perleoit</strong></span> <span class='ocrx_word' id='word_1_193' title='bbox 661 2945 746 3014; x_wconf 86' lang='lat' dir='ltr'><strong>(anno</strong></span> <span class='ocrx_word' id='word_1_194' title='bbox 768 2937 856 3014; x_wconf 87' lang='grc'>383).</span> <span class='ocrx_word' id='word_1_195' title='bbox 907 2940 1088 3002; x_wconf 90' lang='lat' dir='ltr'><strong>Nihilominus</strong></span> <span class='ocrx_word' id='word_1_196' title='bbox 1115 2943 1150 3002; x_wconf 86' lang='lat' dir='ltr'><strong>ab</strong></span> <span class='ocrx_word' id='word_1_197' title='bbox 1178 2941 1306 3004; x_wconf 89' lang='lat' dir='ltr'><strong>omnibus</strong></span> <span class='ocrx_word' id='word_1_198' title='bbox 1330 2962 1386 3004; x_wconf 89' lang='lat' dir='ltr'><strong>non</strong></span> <span class='ocrx_word' id='word_1_199' title='bbox 1407 2942 1448 3002; x_wconf 88' lang='lat' dir='ltr'><strong>iuit</strong></span> 
     </span>
     <span class='ocr_line' id='line_1_25' title="bbox 275 3035 1448 3132; baseline 0.001 -26"><span class='ocrx_word' id='word_1_200' title='bbox 275 3056 403 3128; x_wconf 80' lang='lat' dir='ltr'><strong>recepta,</strong></span> <span class='ocrx_word' id='word_1_201' title='bbox 434 3049 522 3110; x_wconf 91' lang='lat' dir='ltr'><strong>donec</strong></span> <span class='ocrx_word' id='word_1_202' title='bbox 550 3035 699 3126; x_wconf 85' lang='lat' dir='ltr'><strong>Gregorius</strong></span> <span class='ocrx_word' id='word_1_203' title='bbox 732 3047 847 3127; x_wconf 83' lang='lat' dir='ltr'><strong>Magnus</strong></span> <span class='ocrx_word' id='word_1_204' title='bbox 878 3051 950 3110; x_wconf 89' lang='lat' dir='ltr'><strong>banc</strong></span> <span class='ocrx_word' id='word_1_205' title='bbox 980 3068 1153 3110; x_wconf 89' lang='lat' dir='ltr'><strong>communem</strong></span> <span class='ocrx_word' id='word_1_206' title='bbox 1175 3069 1240 3112; x_wconf 90' lang='lat' dir='ltr'><strong>esse</strong></span> <span class='ocrx_word' id='word_1_207' title='bbox 1260 3053 1448 3132; x_wconf 84' lang='lat' dir='ltr'><strong>praescripsit.</strong></span> 
     </span>
     <span class='ocr_line' id='line_1_26' title="bbox 274 3143 1484 3235; baseline 0.001 -19"><span class='ocrx_word' id='word_1_208' title='bbox 274 3156 404 3217; x_wconf 84' lang='lat' dir='ltr'><strong>Attamen</strong></span> <span class='ocrx_word' id='word_1_209' title='bbox 433 3166 460 3216; x_wconf 91' lang='lat' dir='ltr'><strong>et</strong></span> <span class='ocrx_word' id='word_1_210' title='bbox 486 3154 532 3217; x_wconf 91' lang='lat' dir='ltr'><strong>hic</strong></span> <span class='ocrx_word' id='word_1_211' title='bbox 560 3157 721 3218; x_wconf 89' lang='lat' dir='ltr'><strong>emendatus</strong></span> <span class='ocrx_word' id='word_1_212' title='bbox 743 3156 881 3235; x_wconf 89' lang='lat' dir='ltr'><strong>Vulgatae</strong></span> <span class='ocrx_word' id='word_1_213' title='bbox 908 3167 1000 3218; x_wconf 85' lang='lat' dir='ltr'><strong>textus</strong></span> <span class='ocrx_word' id='word_1_214' title='bbox 1022 3158 1146 3220; x_wconf 89' lang='lat' dir='ltr'><strong>diversas</strong></span> <span class='ocrx_word' id='word_1_215' title='bbox 1168 3159 1253 3220; x_wconf 90' lang='lat' dir='ltr'><strong>subiit</strong></span> <span class='ocrx_word' id='word_1_216' title='bbox 1273 3163 1451 3234; x_wconf 87' lang='lat' dir='ltr'><strong>mutationes,</strong></span> <span class='ocrx_word' id='word_1_217' title='bbox 1483 3143 1484 3188; x_wconf 60' lang='lat'><em>³</em></span> 
     </span>
     <span class='ocr_line' id='line_1_27' title="bbox 275 3266 1453 3346; baseline 0.002 -22"><span class='ocrx_word' id='word_1_218' title='bbox 275 3267 313 3325; x_wconf 94' lang='lat' dir='ltr'><strong>ita</strong></span> <span class='ocrx_word' id='word_1_219' title='bbox 334 3275 362 3325; x_wconf 88' lang='lat' dir='ltr'><strong>ut</strong></span> <span class='ocrx_word' id='word_1_220' title='bbox 383 3269 488 3326; x_wconf 92' lang='lat' dir='ltr'><strong>sensim</strong></span> <span class='ocrx_word' id='word_1_221' title='bbox 510 3284 598 3327; x_wconf 93' lang='lat' dir='ltr'><strong>novae</strong></span> <span class='ocrx_word' id='word_1_222' title='bbox 619 3266 826 3327; x_wconf 89' lang='lat' dir='ltr'><strong>emundationes</strong></span> <span class='ocrx_word' id='word_1_223' title='bbox 847 3268 1064 3345; x_wconf 88' lang='lat' dir='ltr'><strong>requirerentur,</strong></span> <span class='ocrx_word' id='word_1_224' title='bbox 1092 3285 1161 3346; x_wconf 90' lang='lat' dir='ltr'><strong>quas</strong></span> <span class='ocrx_word' id='word_1_225' title='bbox 1182 3270 1299 3345; x_wconf 83' lang='lat' dir='ltr'><strong>primunr</strong></span> <span class='ocrx_word' id='word_1_226' title='bbox 1322 3270 1453 3330; x_wconf 90' lang='lat' dir='ltr'><strong>Alcuinus</strong></span> 
     </span>
     <span class='ocr_line' id='line_1_28' title="bbox 275 3363 1455 3452; baseline 0.003 -19"><span class='ocrx_word' id='word_1_227' title='bbox 275 3379 303 3433; x_wconf 90' lang='lat' dir='ltr'><strong>et</strong></span> <span class='ocrx_word' id='word_1_228' title='bbox 325 3369 439 3434; x_wconf 81' lang='lat' dir='ltr'><strong>Carolus</strong></span> <span class='ocrx_word' id='word_1_229' title='bbox 452 3373 501 3451; x_wconf 84' lang='lat' dir='ltr'><strong>tt,</strong></span> <span class='ocrx_word' id='word_1_230' title='bbox 525 3392 595 3434; x_wconf 92' lang='lat' dir='ltr'><strong>aevo</strong></span> <span class='ocrx_word' id='word_1_231' title='bbox 618 3375 710 3436; x_wconf 91' lang='lat' dir='ltr'><strong>medio</strong></span> <span class='ocrx_word' id='word_1_232' title='bbox 731 3374 919 3452; x_wconf 89' lang='lat' dir='ltr'><strong>Laniraneus,</strong></span> <span class='ocrx_word' id='word_1_233' title='bbox 942 3363 1060 3452; x_wconf 75' lang='lat' dir='ltr'><strong>inclytae</strong></span> <span class='ocrx_word' id='word_1_234' title='bbox 1081 3376 1170 3436; x_wconf 84' lang='lat' dir='ltr'><strong>lamae</strong></span> <span class='ocrx_word' id='word_1_235' title='bbox 1191 3376 1278 3437; x_wconf 91' lang='lat' dir='ltr'><strong>abbas</strong></span> <span class='ocrx_word' id='word_1_236' title='bbox 1292 3377 1455 3448; x_wconf 88' lang='lat' dir='ltr'><strong>Beccensis,</strong></span> 
     </span>
     <span class='ocr_line' id='line_1_29' title="bbox 277 3480 1454 3568; baseline 0 -26"><span class='ocrx_word' id='word_1_237' title='bbox 277 3482 360 3562; x_wconf 89' lang='lat' dir='ltr'><strong>paulo</strong></span> <span class='ocrx_word' id='word_1_238' title='bbox 382 3491 448 3563; x_wconf 90' lang='lat' dir='ltr'><strong>post</strong></span> <span class='ocrx_word' id='word_1_239' title='bbox 468 3480 705 3565; x_wconf 89' lang='lat' dir='ltr'><strong>Archiepiscopus</strong></span> <span class='ocrx_word' id='word_1_240' title='bbox 728 3483 938 3559; x_wconf 77' lang='lat' dir='ltr'><strong>Cantuariensis</strong></span> <span class='ocrx_word' id='word_1_241' title='bbox 960 3480 998 3556; x_wconf 74' lang='lat' dir='ltr'><strong>[l</strong></span> <span class='ocrx_word' id='word_1_242' title='bbox 1022 3481 1117 3558; x_wconf 81' lang='lat'>1089)</span> <span class='ocrx_word' id='word_1_243' title='bbox 1145 3487 1174 3546; x_wconf 90' lang='lat' dir='ltr'><strong>in</strong></span> <span class='ocrx_word' id='word_1_244' title='bbox 1203 3503 1236 3544; x_wconf 91' lang='lat' dir='ltr'><strong>se</strong></span> <span class='ocrx_word' id='word_1_245' title='bbox 1262 3494 1454 3568; x_wconf 89' lang='lat' dir='ltr'><strong>susceperunt.</strong></span> 
     </span>
     <span class='ocr_line' id='line_1_30' title="bbox 275 3587 1455 3673; baseline 0.002 -23"><span class='ocrx_word' id='word_1_246' title='bbox 275 3587 342 3652; x_wconf 84' lang='lat' dir='ltr'><strong>illex</strong></span> <span class='ocrx_word' id='word_1_247' title='bbox 369 3593 452 3652; x_wconf 92' lang='lat' dir='ltr'><strong>etiam</strong></span> <span class='ocrx_word' id='word_1_248' title='bbox 481 3592 603 3653; x_wconf 89' lang='lat' dir='ltr'><strong>nonnulli</strong></span> <span class='ocrx_word' id='word_1_249' title='bbox 634 3592 744 3654; x_wconf 92' lang='lat' dir='ltr'><strong>ordines</strong></span> <span class='ocrx_word' id='word_1_250' title='bbox 779 3593 904 3670; x_wconf 88' lang='lat' dir='ltr'><strong>religiosi</strong></span> <span class='ocrx_word' id='word_1_251' title='bbox 934 3594 1055 3673; x_wconf 90' lang='lat' dir='ltr'><strong>propriis</strong></span> <span class='ocrx_word' id='word_1_252' title='bbox 1077 3593 1219 3654; x_wconf 87' lang='lat' dir='ltr'><strong>utebantur</strong></span> <span class='ocrx_word' id='word_1_253' title='bbox 1239 3596 1455 3670; x_wconf 81' lang='lat' dir='ltr'><strong>„correctoriis“</strong></span> 
     </span>
     <span class='ocr_line' id='line_1_31' title="bbox 275 3699 1458 3782; baseline 0.002 -24"><span class='ocrx_word' id='word_1_254' title='bbox 275 3701 294 3760; x_wconf 89' lang='lat' dir='ltr'><strong>i.</strong></span> <span class='ocrx_word' id='word_1_255' title='bbox 316 3719 342 3761; x_wconf 86' lang='lat' dir='ltr'><strong>e.</strong></span> <span class='ocrx_word' id='word_1_256' title='bbox 365 3700 510 3762; x_wconf 90' lang='lat' dir='ltr'><strong>codicibus</strong></span> <span class='ocrx_word' id='word_1_257' title='bbox 533 3699 702 3779; x_wconf 83' lang='lat' dir='ltr'><strong>emendatis,</strong></span> <span class='ocrx_word' id='word_1_258' title='bbox 725 3703 759 3762; x_wconf 88' lang='lat' dir='ltr'><strong>ad</strong></span> <span class='ocrx_word' id='word_1_259' title='bbox 781 3720 899 3782; x_wconf 88' lang='lat' dir='ltr'><strong>quorum</strong></span> <span class='ocrx_word' id='word_1_260' title='bbox 919 3705 1074 3780; x_wconf 88' lang='lat' dir='ltr'><strong>marginem</strong></span> <span class='ocrx_word' id='word_1_261' title='bbox 1096 3703 1230 3769; x_wconf 88' lang='lat' dir='ltr'><strong>variantes</strong></span> <span class='ocrx_word' id='word_1_262' title='bbox 1252 3710 1349 3762; x_wconf 86' lang='lat' dir='ltr'><strong>textus</strong></span> <span class='ocrx_word' id='word_1_263' title='bbox 1373 3703 1458 3779; x_wconf 88' lang='lat' dir='ltr'><strong>origi-</strong></span> 
     </span>
     <span class='ocr_line' id='line_1_32' title="bbox 277 3793 1461 3892; baseline 0.003 -24"><span class='ocrx_word' id='word_1_264' title='bbox 277 3811 348 3871; x_wconf 88' lang='lat' dir='ltr'><strong>nalis</strong></span> <span class='ocrx_word' id='word_1_265' title='bbox 370 3810 415 3869; x_wconf 94' lang='lat' dir='ltr'><strong>vel</strong></span> <span class='ocrx_word' id='word_1_266' title='bbox 437 3809 555 3871; x_wconf 88' lang='lat' dir='ltr'><strong>aliorum</strong></span> <span class='ocrx_word' id='word_1_267' title='bbox 570 3810 709 3889; x_wconf 89' lang='lat' dir='ltr'><strong>Vulgatae</strong></span> <span class='ocrx_word' id='word_1_268' title='bbox 730 3815 977 3892; x_wconf 86' lang='lat' dir='ltr'><strong>manuscriptorum</strong></span> <span class='ocrx_word' id='word_1_269' title='bbox 999 3821 1100 3888; x_wconf 83' lang='lat' dir='ltr'><strong>,uotae</strong></span> <span class='ocrx_word' id='word_1_270' title='bbox 1120 3813 1252 3872; x_wconf 77' lang='lat' dir='ltr'><strong>criticae“</strong></span> <span class='ocrx_word' id='word_1_271' title='bbox 1268 3793 1461 3886; x_wconf 68' lang='lat' dir='ltr'><strong>addebantur,</strong></span> 
     </span>
     <span class='ocr_line' id='line_1_33' title="bbox 276 3916 1465 3998; baseline 0.001 -22"><span class='ocrx_word' id='word_1_272' title='bbox 276 3935 303 3977; x_wconf 89' lang='lat' dir='ltr'><strong>e.</strong></span> <span class='ocrx_word' id='word_1_273' title='bbox 328 3937 357 3996; x_wconf 86' lang='lat' dir='ltr'><strong>g.</strong></span> <span class='ocrx_word' id='word_1_274' title='bbox 381 3917 553 3979; x_wconf 89' lang='lat' dir='ltr'><strong>Dominicani</strong></span> <span class='ocrx_word' id='word_1_275' title='bbox 575 3925 603 3980; x_wconf 91' lang='lat' dir='ltr'><strong>in</strong></span> <span class='ocrx_word' id='word_1_276' title='bbox 624 3919 715 3982; x_wconf 86' lang='lat' dir='ltr'><strong>Gallia</strong></span> <span class='ocrx_word' id='word_1_277' title='bbox 737 3928 826 3992; x_wconf 82' lang='lat' dir='ltr'><strong>(anno</strong></span> <span class='ocrx_word' id='word_1_278' title='bbox 850 3916 947 3994; x_wconf 80' lang='lat'>1236)</span> <span class='ocrx_word' id='word_1_279' title='bbox 970 3923 1052 3998; x_wconf 90' lang='lat' dir='ltr'><strong>jussu</strong></span> <span class='ocrx_word' id='word_1_280' title='bbox 1079 3919 1257 3981; x_wconf 89' lang='lat' dir='ltr'><strong>Provincialis</strong></span> <span class='ocrx_word' id='word_1_281' title='bbox 1284 3919 1426 3997; x_wconf 86' lang='lat' dir='ltr'><strong>Hugonis</strong></span> <span class='ocrx_word' id='word_1_282' title='bbox 1452 3936 1465 3977; x_wconf 94' lang='lat' dir='ltr'><strong>a</strong></span> 
     </span>
     <span class='ocr_line' id='line_1_34' title="bbox 276 4023 1467 4110; baseline 0.003 -26"><span class='ocrx_word' id='word_1_283' title='bbox 276 4042 301 4084; x_wconf 93' lang='lat' dir='ltr'><strong>s.</strong></span> <span class='ocrx_word' id='word_1_284' title='bbox 325 4023 416 4102; x_wconf 81' lang='lat' dir='ltr'><strong>Car03</strong></span> <span class='ocrx_word' id='word_1_285' title='bbox 439 4026 512 4104; x_wconf 88' lang='lat' dir='ltr'><strong>quod</strong></span> <span class='ocrx_word' id='word_1_286' title='bbox 533 4047 601 4091; x_wconf 90' lang='lat' dir='ltr'><strong>vero</strong></span> <span class='ocrx_word' id='word_1_287' title='bbox 623 4032 734 4090; x_wconf 90' lang='lat' dir='ltr'><strong>minime</strong></span> <span class='ocrx_word' id='word_1_288' title='bbox 754 4029 913 4110; x_wconf 84' lang='lat' dir='ltr'><strong>impedivit,</strong></span> <span class='ocrx_word' id='word_1_289' title='bbox 937 4033 1082 4108; x_wconf 87' lang='lat' dir='ltr'><strong>quominus</strong></span> <span class='ocrx_word' id='word_1_290' title='bbox 1096 4029 1232 4108; x_wconf 85' lang='lat' dir='ltr'><strong>Vulgatae</strong></span> <span class='ocrx_word' id='word_1_291' title='bbox 1253 4038 1353 4090; x_wconf 88' lang='lat' dir='ltr'><strong>textus</strong></span> <span class='ocrx_word' id='word_1_292' title='bbox 1371 4032 1467 4092; x_wconf 91' lang='lat' dir='ltr'><strong>diver-</strong></span> 
     </span>
     <span class='ocr_line' id='line_1_35' title="bbox 279 4133 1474 4217; baseline 0.003 -25"><span class='ocrx_word' id='word_1_293' title='bbox 279 4133 410 4194; x_wconf 86' lang='lat' dir='ltr'><strong>sissimus</strong></span> <span class='ocrx_word' id='word_1_294' title='bbox 432 4133 601 4196; x_wconf 90' lang='lat' dir='ltr'><strong>redderetur.</strong></span> <span class='ocrx_word' id='word_1_295' title='bbox 645 4137 766 4198; x_wconf 85' lang='lat' dir='ltr'><strong>&#39;landem</strong></span> <span class='ocrx_word' id='word_1_296' title='bbox 789 4137 990 4217; x_wconf 70' lang='lat' dir='ltr'><strong>typographica</strong></span> <span class='ocrx_word' id='word_1_297' title='bbox 1012 4147 1071 4198; x_wconf 91' lang='lat' dir='ltr'><strong>arte</strong></span> <span class='ocrx_word' id='word_1_298' title='bbox 1093 4139 1201 4198; x_wconf 89' lang='lat' dir='ltr'><strong>inventa</strong></span> <span class='ocrx_word' id='word_1_299' title='bbox 1223 4136 1353 4214; x_wconf 85' lang='lat' dir='ltr'><strong>Vulgata</strong></span> <span class='ocrx_word' id='word_1_300' title='bbox 1376 4141 1474 4198; x_wconf 89' lang='lat' dir='ltr'><strong>statim</strong></span> 
     </span>
     <span class='ocr_line' id='line_1_36' title="bbox 278 4239 1471 4321; baseline 0.006 -21"><span class='ocrx_word' id='word_1_301' title='bbox 278 4240 355 4318; x_wconf 90' lang='lat' dir='ltr'><strong>prelo</strong></span> <span class='ocrx_word' id='word_1_302' title='bbox 375 4239 501 4319; x_wconf 88' lang='lat' dir='ltr'><strong>subjecta</strong></span> <span class='ocrx_word' id='word_1_303' title='bbox 516 4251 560 4302; x_wconf 89' lang='lat' dir='ltr'><strong>est</strong></span> <span class='ocrx_word' id='word_1_304' title='bbox 581 4241 717 4321; x_wconf 82' lang='lat'>(1462);</span> <span class='ocrx_word' id='word_1_305' title='bbox 738 4254 766 4305; x_wconf 92' lang='lat' dir='ltr'><strong>at</strong></span> <span class='ocrx_word' id='word_1_306' title='bbox 779 4247 860 4306; x_wconf 92' lang='lat' dir='ltr'><strong>etiam</strong></span> <span class='ocrx_word' id='word_1_307' title='bbox 875 4248 945 4306; x_wconf 89' lang='lat' dir='ltr'><strong>istae</strong></span> <span class='ocrx_word' id='word_1_308' title='bbox 958 4245 1094 4308; x_wconf 85' lang='lat' dir='ltr'><strong>editiones</strong></span> <span class='ocrx_word' id='word_1_309' title='bbox 1108 4247 1155 4306; x_wconf 83' lang='lat' dir='ltr'><strong>vix</strong></span> <span class='ocrx_word' id='word_1_310' title='bbox 1169 4254 1310 4307; x_wconf 88' lang='lat' dir='ltr'><strong>correctae</strong></span> <span class='ocrx_word' id='word_1_311' title='bbox 1322 4245 1471 4307; x_wconf 84' lang='lat' dir='ltr'><strong>dicendae</strong></span> 
     </span>
    </p>
   </div>
   <div class='ocr_carea' id='block_1_5' title="bbox 0 0 1536 4934">
    <p class='ocr_par' dir='ltr' id='par_1_6' title="bbox 0 0 1536 4934">
     <span class='ocr_line' id='line_1_37' title="bbox 0 0 1536 4934; baseline 0 0"><span class='ocrx_word' id='word_1_312' title='bbox 0 0 1536 4934; x_wconf 95' lang='lat' dir='ltr'><strong> </strong></span> 
     </span>
    </p>
   </div>
  </div>
 </body>
</html>
