3070 4940
1231 333 1278 408 tt

96 509 148 561 est
170 517 186 560 a
206 498 314 560 lhoadc
335 501 362 560 ln
378 497 568 564 hlacedltnlam
590 499 822 580 pmliciseentam‚
842 508 871 561 et
893 499 999 575 ibidem,
1014 498 1147 582 Philippis
1168 517 1279 562 remen-

6 585 16 596 ’
95 608 158 684 sit,
189 607 273 669 Paulo
295 607 418 668 Athenas
445 615 474 674 et
495 604 656 674 Corinthum
685 617 796 688 petente
817 609 897 681 (Act.
922 606 971 685 lii,
997 609 1052 686 113
1076 599 1181 686 l'l,'l)
1204 611 1277 672 circu

97 735 204 777 annum
220 715 271 781 52.
288 714 356 776 Cum
368 716 519 797 Apostolus
535 725 599 797 post
612 716 632 778 6
647 719 755 778 circiter
768 735 853 780 annos
867 715 1088 797 Hierosolymam
1101 720 1154 779 iter
1163 719 1276 793 laceret,

97 825 192 887 Lucas
213 825 343 906 Philippis
364 825 452 887 eidem
477 845 509 887 sc
531 825 653 906 adjunxit
676 825 743 904 (20,
767 826 821 904 6),
852 815 880 888 ct
909 846 972 888 curn
1000 836 1086 888 essct·
1103 829 1130 888 in
1159 827 1277 892 vinculis

97 945 158 996 tum
182 939 207 998 in
228 937 333 997 ludaea
355 933 529 1011 (es-60)
559 944 616 998 tum
645 938 673 996 in
704 938 801 998 itinere
830 946 858 997 et
878 936 978 998 deinde
996 936 1104 998 Romae
1123 936 1194 1017 apud
1214 954 1277 996 eum

96 1047 254 1125 permansit
275 1041 447 1120 (eo-63),
470 1053 498 1104 ut
518 1063 554 1105 ex
574 1043 651 1106 Pauli
674 1047 799 1126 epistolis
822 1045 904 1125 hujus
926 1037 1057 1125 temporis
1079 1053 1166 1126 patet.
1191 1046 1277 1106 Simi-

96 1155 167 1228 liter
194 1155 222 1213 in
252 1153 336 1213 altera
364 1155 519 1234 captivitate
540 1154 645 1216 Romae
667 1173 729 1216 cum
750 1155 835 1217 Paulo
858 1157 1043 1217 commoratus
1066 1152 1274 1230 est(11.'lim.

97 1263 133 1337 4,
161 1260 215 1322 ll:
240 1262 326 1323 Lucas
347 1271 392 1326 est
413 1281 521 1324 mecum
543 1264 650 1339 solus).
679 1265 751 1340 Quid
773 1275 838 1346 post
859 1265 989 1346 Apostoli
1012 1271 1129 1324 mortem
1149 1265 1174 1324 ei
1198 1265 1277 1324 acci-

98 1371 187 1448 derit,
209 1381 285 1432 certo
306 1390 359 1433 non
379 1382 495 1433 constat.

143 1487 234 1541 Nota.
264 1461 402 1558 Origenes
424 1490 452 1540 et
464 1481 642 1562 Epiphanius
664 1482 764 1544 Lucam
786 1502 802 1543 c
824 1479 864 1543 72
887 1483 1027 1564 discipulis
1041 1482 1135 1560 ,luisse
1157 1491 1274 1558 narrant,

267 1590 338 1668 quod
363 1608 429 1651 vcro
452 1591 611 1651 contradicit
632 1590 777 1669 Evangelii
799 1593 896 1667 initio,
929 1610 984 1670 quo
1009 1609 1075 1651 sese
1103 1598 1275 1651 non-testem

149 1707 155 1714 ‘
266 1699 406 1758 ocularem
429 1696 625 1780 (αὐτόπτην)
647 1701 781 1782 adpellat,
804 1701 854 1760 sed
877 1699 929 1775 (ab
951 1699 1027 1772 aliis)
1048 1701 1137 1760 omnia
1159 1700 1275 1780 aprin-

266 1809 339 1888 cipio
360 1819 517 1870 assecutum
538 1828 602 1870 csse
624 1810 698 1870 dicit.
741 1809 784 1870 Ex
805 1817 894 1871 mente
915 1808 1060 1889 Epiphauii
1080 1815 1220 1888 postremo
1248 1800 1274 1869 ir'n

266 1916 372 1994 Gallia,
404 1919 539 1980 Dalmatia
569 1928 598 1980 et
626 1918 786 1981 hlaccdonia
819 1919 996 2000 praedicavit.
1046 1916 1138 1977 Etiam
1169 1916 1274 1994 Achaia

228 2061 233 2070 ·
266 2036 502 2088 commemoratur.
548 2031 577 2089 S.
609 2027 791 2106 Hieronymus
819 2027 932 2105 scribit,
965 2027 1083 2087 enodem
1115 2025 1168 2086 suh
1196 2022 1273 2086 Con-

263 2137 382 2196 stantioc
422 2137 484 2196 citor
520 2137 700 2199 hundret
736 2135 969 2217 Constantinopoli
1004 2135 1091 2196 luisse
1125 2134 1272 2215 sepultum.

263 2217 436 2324 Nicephorus
465 2245 575 2307 tandem
611 2245 661 2320 (ll.
685 2246 719 2310 E.
743 2243 867 2322 11‚43)
896 2244 923 2305 h.
953 2244 1056 2305 Lucam
1085 2252 1113 2352 et
1139 2245 1273 2366 pictorem

224 2337 229 2345 ⁵
264 2352 350 2414 inisse
372 2333 520 2416 memoriae
542 2355 660 2417 tradidit.

44 2501 46 2507 ·
180 2461 209 2523 2.
232 2461 341 2538 Quod
333 2481 393 2543 rpsc
413 2465 450 2524 sit
472 2473 567 2525 auemr
587 2464 749 2544 Evangelii,
779 2468 840 2544 ipse
861 2465 944 2524 etiam
965 2469 1100 2538 testatm,
1121 2460 1185 2522 dum
1207 2460 1271 2522 Act.

101 2569 167 2646 l,l
199 2570 256 2634 τὸν
284 2569 415 2655 πρῶτον
444 2569 538 2652 λόγον
568 2583 782 2652 commemorat3
819 2574 908 2634 omnia
936 2573 1035 2649 igitur,
1069 2587 1142 2648 quae
1170 2567 1271 2629 Lucam

99 2659 237 2741 auctorent
253 2682 369 2743 Actuum
384 2681 546 2761 ostendunt,
568 2685 685 2745 eundem
706 2685 786 2744 etiam
801 2682 945 2760 Evangelii
966 2689 1104 2742 aucmmm
1125 2677 1268 2739 allirmant.

98 2789 294 2858 Testimonium
318 2791 477 2853 indirectum
499 2793 589 2854 reddit
608 2797 757 2854 Justinus
777 2797 874 2854 Mart.
884 2835 895 2870 ,
928 2789 1000 2850 dum·
1021 2806 1056 2848 cx
1076 2783 1271 2868 ,ὑπομνημο-
1325 2843 1327 2846 .

97 2897 253 2978 νεύμασιν
274 2900 349 2980 plura
371 2889 470 2978 allent,
495 2919 568 2982 quae
590 2902 678 2968 Lucas
707 2903 784 2963 solus
813 2909 921 2976 ιιιιιιι,
949 2917 974 2958 c.
1003 2915 1047 2975 gr.
1076 2895 1112 2956 de
1133 2897 1270 2956 nativitate

98 3007 200 3068 Christi
230 2997 354 3089 tempora
383 3010 577 3091 descriptionis
607 3011 660 3072 suh
681 3009 802 3086 Quirino
831 3027 894 3070 cum
923 3007 1022 3069 iisdem
1043 3005 1269 3079 circumstantiis,

97 3133 165 3196 qnae
188 3135 247 3199 cap.
271 3117 306 3188 ll.
331 3127 487 3196 narrantur;
510 3120 545 3181 de
566 3121 667 3182 sudore
688 3110 911 3199 sanguinist'dc
932 3116 1026 3178 ultima
1035 3117 1108 3192 ejus
1129 3115 1267 3174 oratione:

96 3228 192 3304 Pater,
216 3221 359 3289 in'manus
382 3236 442 3289 tuas
464 3238 518 3290 etc.

178 3334 333 3400 lreoccua
355 3337 445 3424 (haer.
468 3338 487 3399 l.
512 3334 541 3399 3.
563 3357 587 3400 c.
614 3336 663 3411 l):
686 3333 816 3410 Λουκᾶς
836 3333 889 3414 δέ,
917 3331 1100 3405 ἀκόλουθος
1121 3327 1267 3408 Παύλου,

97 3445 132 3508 cd
147 3443 202 3509 ὑπ’
218 3445 339 3510 ἐκείνου
359 3443 599 3532 κηρυσσόμινον
619 3443 724 3527 adayp.
744 3443 781 3510 ἐν
794 3442 909 3527 βιβλίῳ
929 3443 1096 3504 κατέθετο.
1118 3438 1181 3501 ibid.
1197 3458 1224 3500 c.
1236 3437 1266 3498 4.

99 3555 208 3635 plurima
230 3555 356 3637 protere,
388 3575 458 3636 quae
480 3557 544 3618 huic
564 3555 717 3638 Evangelio
737 3563 803 3616 sunt
822 3553 987 3635 peculiaria,
1019 3559 1048 3610 ct
1076 3548 1186 3628 quidem
1213 3547 1268 3608 suh

97 3663 182 3724 Lucae
210 3666 328 3726 nomine
357 3704 396 3714 -
412 3663 495 3746 ¹Cum
525 3666 648 3728 Marcion
677 3664 819 3730 saecul.
850 3663 905 3724 hoc
933 3660 1114 3738 Evangelium
1145 3651 1266 3737 pluribus

91 3774 168 3835 locis
183 3777 370 3856 corrupisset,
393 3779 611 3838 Tertullianus
631 3776 841 3852 eumfencrgice
855 3771 1016 3834 debellavit.
1030 3807 1070 3818 -
1085 3768 1127 3828 lle
1142 3782 1266 3845 sequen-

99 3883 166 3943 tihus
193 3885 297 3945 suflicit
324 3885 442 3946 afferre:
485 3891 727 3972 Hieronymum,
748 3885 803 3962 ‘qui
826 3884 934 3962 (script.
958 3881 1027 3941 eccl.
1049 3897 1075 3939 c.
1099 3876 1136 3974 ,⁷³
1156 3876 1191 3938 de
1210 3876 1266 3938 hoc

98 3994 132 4051 ita
157 3994 269 4054 scribit:
305 3995 414 4072 ,Lucas
452 3995 575 4057 medicus
607 3994 824 4069 Antiochensis,
857 4001 887 4052 ut
916 3993 976 4068 ejus
1003 3991 1108 4069 scripta
1136 3985 1264 4060 indicant,

97 4104 185 4178 graeci
210 4107 345 4164 sermonis
368 4123 422 4166 non
443 4107 553 4183 ignarus
575 4105 645 4182 luit,
666 4112 788 4166 sectator
801 4102 929 4182 Apostoli
944 4098 1020 4161 Pauli
1042 4107 1073 4185 et
1093 4099 1183 4158 omnis
1204 4098 1264 4173 ejus

97 4213 320 4291 peregrinationis
352 4231 457 4276 comes.
507 4216 624 4296 Scripsit
655 4213 856 4292 Evangelium,
887 4211 922 4272 de
953 4227 1008 4288 quo
1040 4179 1113 4268 idem
1141 4204 1260 4267 Paulus:

97 4319 225 4397 llisimus,
241 4323 335 4401 inquit,
349 4343 411 4386 cum
425 4325 470 4386 illo
484 4323 606 4402 fratrem
622 4323 778 4400 sdisslaus
792 4323 858 4384 cst
851 4341 878 4385 ru
887 4319 1041 4408 Evangelio
1053 4314 1101 4386 (ll
1112 4291 1175 4376 Cor.
1184 4312 1261 4394 8)..
