3070 4940
631 587 658 656 S·
684 583 731 652 17.

333 751 377 810 tie
394 737 493 812 Eiarct
511 749 639 811 consuta
657 751 687 809 et
705 748 742 808 rie
759 741 858 809 tallolo
876 749 942 819 atus
955 737 1036 808 ‘iltrt
1114 765 1119 774 ·

183 902 208 963 l.
233 903 292 965 Nec
315 875 425 964 llarcus
446 877 591 964 consilium
611 920 692 963 sunm
713 919 828 981 usquam
851 901 940 981 palanr
960 902 1123 977 enuntiavit3
1143 903 1223 982 proin
1237 918 1291 960 ex-

97 1012 192 1078 iudole‘
214 1011 278 1084 libri
304 1015 388 1094 ipsius
417 1007 476 1073 erui
503 1011 594 1074 debet.
640 1011 794 1072 Consilium
820 1015 966 1084 generale
984 1013 1042 1088 jam
1063 1008 1169 1089 alisque
1190 1008 1272 1070 dubio

97 1125 152 1186 hoc
172 1133 234 1200 est,
256 1123 395 1188 historiam
417 1123 551 1184 dictorum
574 1122 766 1202 lectorumque
780 1117 883 1182 Christi
905 1137 1083 1199 componere,
1104 1120 1179 1179 utin
1200 1117 1274 1178 tlar-

98 1234 195 1307 thaeo;
217 1241 244 1292 et
269 1234 495 1315 pragmatismus,
517 1240 545 1292 ut
565 1233 602 1291 ita
624 1230 727 1306 dicam,
748 1230 897 1292 historicus
919 1231 945 1290 in
963 1247 1000 1290 ec
1022 1230 1112 1307 magis
1129 1227 1273 1303 elucescit,

100 1345 163 1422 quia
185 1343 307 1404 ordinem
330 1341 558 1420 chronologicum
580 1343 733 1405 accuratius
755 1342 893 1418 servavit,
913 1356 995 1418 quarn
1016 1337 1187 1414 Matthaeus,
1220 1339 1273 1398 etsi
1364 1417 1370 1436 ·

100 1471 155 1514 non
183 1471 293 1534 semper
322 1462 351 1515 et
379 1453 480 1532 ubique
510 1452 566 1526 (ci.
590 1449 713 1512 l-lX.
743 1470 805 1513 cum
831 1458 907 1532 parte
935 1451 1022 1529 prima
1043 1447 1137 1510 llattlr.
1159 1457 1187 1510 et
1208 1446 1274 1510 Luc.

99 1560 280 1637 lll-lll.).
324 1563 451 1623 Attamen
481 1570 509 1623 et
541 1564 602 1644 ipse
632 1563 659 1622 in
687 1560 855 1642 brevissimo
884 1577 936 1620 suo
964 1559 1035 1620 libro
1055 1575 1109 1620 non
1130 1558 1219 1618 omnia
1240 1555 1276 1617 de

101 1670 218 1732 Domino
239 1673 423 1752 conscripsit,
452 1670 503 1732 sed
525 1688 558 1730 ea
580 1672 717 1746 maxime,
746 1687 817 1748 quae
839 1668 949 1730 Petrum
978 1666 1012 1728 ad
1034 1668 1173 1729 doctrinae
1195 1684 1276 1728 usum
1290 1649 1311 1692 Ὗ
1350 1719 1353 1724 .

100 1790 257 1842 narrantem
278 1780 417 1858 audierat;
446 1780 558 1861 proinde
586 1784 670 1844 etiarn
692 1782 719 1840 in
739 1778 833 1870 llarco
855 1787 962 1859 praeter
984 1796 1099 1858 scopum
1121 1776 1276 1854 generalem

100 1870 184 1951 etiam
204 1893 389 1968 specialem,
412 1897 521 1971 praeter
542 1890 701 1952 historicum
722 1891 802 1950 edam
824 1887 989 1949 didacticum
1009 1904 1059 1948 seu
1074 1889 1277 1960 dogmaticum

102 2000 238 2076 inquirere
259 1997 402 2060 debemus.

182 2119 210 2182 2.
236 2121 333 2196 Qualis
356 2124 407 2182 iste
429 2123 487 2199 sit,
509 2140 544 2182 err
565 2123 644 2200 hisce
666 2120 727 2182 libri
748 2121 821 2182 notis
843 2119 977 2198 colligere
997 2136 1154 2200 possumus.

163 2248 189 2292 a.
223 2229 373 2292 Exordium
396 2229 543 2309 Evangelii
573 2233 616 2291 sic
645 2229 744 2291 habet:
778 2227 892 2291 lnitium
911 2205 1057 2310 Evangelii
1083 2229 1152 2292 lesu
1173 2225 1278 2292 christi

228 2344 304 2402 uus
325 2345 393 2402 cer.
448 2403 452 2418 ,
501 2359 506 2368 ·

164 2448 192 2510 b.
224 2447 297 2510 Finis
320 2459 410 2510 autem
432 2457 492 2530 est;
521 2445 691 2513 Glorilicatio
712 2447 821 2512 Domini
842 2447 911 2510 lesu
932 2449 1058 2512 sedentis
1080 2447 1116 2512 ad
1137 2447 1277 2512 dexteram

223 2558 297 2635 Dei,
325 2559 492 2639 praedicatio
521 2559 585 2622 lidei
614 2577 663 2642 per
685 2559 840 2641 Apostolos
867 2568 897 2620 et
918 2555 1078 2642 coopemlio
1099 2559 1206 2622 Domini
1227 2579 1280 2622 se-

118 2718 123 2726 .
147 2721 151 2730 ,
227 2667 371 2746 quentihus
392 2670 490 2746 signis.
1111 2753 1115 2758 Ι
1140 2662 1146 2667 ’

166 2794 191 2836 c.
227 2776 400 2852 Relationem
421 2778 530 2840 Domini
552 2778 585 2839 ad
607 2778 763 2842 Ecclesiam
792 2789 851 2858 tum
872 2783 1009 2860 antiquam
1030 2789 1086 2843 tum
1108 2796 1206 2842 novam
1227 2797 1280 2842 nco

193 2973 197 2978 ι
227 2896 256 2948 ut
276 2887 350 2967 apud
364 2887 532 2950 Matthaeum
555 2888 701 2965 diligenter
722 2898 860 2982 exaratam
883 2891 934 2952 sed
955 2891 1044 2968 magis
1060 2889 1215 2968 neglectam
1229 2907 1280 2980 reu

224 3000 376 3079 sepositam
398 2995 638 3080 deprehendimus.
704 2981 722 3018 '¹
906 2987 908 2998 ¹
1151 2983 1154 2990 “

164 3106 189 3170 d.
222 3105 324 3170 Contm
344 3127 420 3178 verc
431 3109 549 3187 gloriam
573 3119 601 3170 et
622 3111 775 3189 potentiam
797 3110 925 3188 Domini,
955 3128 1027 3191 quae
1056 3127 1166 3174 omnem
1195 3127 1280 3173 crea-

227 3226 314 3278 turam
336 3217 464 3295 excedit,
494 3236 576 3298 quam
598 3220 717 3280 maxime
738 3220 899 3282 elucescere
919 3231 949 3280 et
966 3235 1114 3282 coruscare
1141 3220 1274 3282 videmus.

164 3347 190 3387 e.
224 3325 294 3402 ltem
316 3346 352 3388 ex
373 3336 453 3409 parte
472 3327 627 3407 subjectiva
649 3330 666 3388 i.
682 3347 707 3389 e.
730 3328 871 3394 lrcruiuum
886 3333 1093 3409 susceptionem
1106 3330 1279 3412 revelationis

224 3436 442 3521 supernaturalis
462 3439 491 3497 'i.
523 3457 549 3500 e.
579 3439 671 3512 fidem
706 3437 886 3500 venementer
919 3441 1051 3502 interram
1081 3440 1278 3519 conspicimus,

225 3548 291 3623 ejus,
321 3550 537 3626 necessitatem,
574 3550 727 3627 originem,
759 3551 981 3626 incrementum,
1018 3550 1279 3612 consummationem

226 3659 430 3735 cognpscimus.
784 3639 786 3644 ⁵

164 3766 184 3827 l.
220 3765 297 3836 llaec
316 3770 408 3828 omnia
430 3770 520 3846 magis
540 3787 590 3849 per
611 3769 686 3831 iacta
707 3787 789 3851 quarn
812 3788 861 3851 per
883 3786 1029 3831 sermones
1051 3786 1182 3850 expressa
1203 3776 1277 3830 sunt.

186 3892 213 3952 li.
235 3889 277 3950 Ex
302 3890 405 3970 quihus
441 3890 506 3952 licet
535 3891 717 3968 concludere,
753 3891 879 3962 llarcurn
906 3893 962 3966 silvi
995 3893 1125 3974 posuisse
1157 3911 1275 3974 scopam

102 3996 228 4060 altiorem
249 4010 278 4061 et
298 4000 442 4078 latiorem,
464 4018 545 4080 quarn
567 4000 766 4078 llattlueurn3·
780 4004 870 4064 minus
897 4003 968 4064 enim
995 4004 1154 4066 relationem
1176 4002 1278 4064 Glrristi

102 4111 282 4170 historicam
303 4118 346 4170 ad
365 4115 536 4174 Ecclesiam
555 4111 698 4193 depingit,
719 4130 801 4191 quarn
822 4113 981 4175 relationem
1003 4118 1249 4192 supernaturale
1270 4135 1278 4172 .·

101 4225 343 4280 adcrcoturom
363 4226 541 4283 muccrsim.
583 4220 681 4284 Filium
702 4221 754 4283 Dei
783 4222 863 4285 nobis
885 4221 1004 4284 ostendit
1023 4223 1190 4284 revelantem
1211 4239 1277 4284 sese

102 4329 254 4406 creaturis,
285 4337 315 4390 ut
335 4347 445 4392 omuem
467 4338 623 4392 creaturam
643 4330 742 4392 cvelrat
758 4308 804 4392 'ad
833 4331 915 4395 iidem
943 4333 1184 4414 supernaturalem.
1225 4329 1277 4392 llic

183 4440 296 4483 marmori
309 4441 448 4486 luceductic.
855 4499 859 4508 Ι
1051 4437 1072 4503 3
