3034 4934
415 1055 894 1246 'urrunnun

599 1323 761 1334 -u-——u--u-

248 1563 251 1568 ,
296 1475 371 1542 De
393 1473 600 1544 canone.
646 1435 863 1548 miscaria
884 1479 1055 1546 neumis.

668 1670 690 1730 l.

524 1819 589 1891 De
627 1818 825 1892 Conone

622 2017 649 2083 §-
673 2013 722 2078 88.

452 2163 622 2224 Primitivus
640 2161 771 2224 canonis
788 2164 900 2224 status·

168 2310 231 2370 Vox
248 2311 340 2373 Canon
355 2311 489 2387 (κανών)
501 2317 611 2395 proprie
626 2331 749 2376 normam
761 2316 822 2375 sive
839 2313 963 2391 reguiam
984 2314 1141 2390 significat,
1163 2323 1259 2394 postea

85 2438 154 2480 vero
165 2422 246 2497 juxta
259 2439 337 2480 usum
353 2422 378 2480 in
398 2419 519 2483 ecclesia
536 2422 671 2484 catholica
688 2433 850 2484 consuetum
865 2421 995 2482 denotare
1010 2424 1102 2501 coepit
1116 2415 1258 2483 elenchum

81 2529 223 2588 delinitum
244 2547 293 2589 seu
315 2529 433 2589 indicem
456 2530 603 2607 librorum,
626 2549 696 2609 qnos
718 2531 813 2591 eadem
829 2529 957 2590 Ecclesia
976 2529 1104 2590 fidelibus
1125 2532 1184 2589 suis
1208 2530 1258 2590 ce'u

83 2620 194 2698 divinos
215 2625 356 2718 proposuit
363 2660 372 2713 3
403 2647 445 2698 esi
467 2651 535 2716 ergo
558 2637 669 2699 Canon:
700 2643 819 2712 nepem
840 2657 897 2699 socc
917 2643 1016 2698 indeo}
1035 2656 1198 2698 sacrorum
1219 2643 1260 2698 ti-

82 2751 219 2806 crorcm.
262 2745 337 2806 llaec
368 2757 457 2808 tamen
487 2749 566 2808 vocis
596 2747 761 2826 signillcatio
789 2737 850 2808 ante
877 2742 1259 2824 carpocratianorum

82 2857 225 2931 occurrii3
254 2854 346 2916 aderat
367 2874 411 2916 res
434 2857 469 2918 ab
490 2858 567 2917 initio
589 2855 736 2918 Ecclesiae
755 2856 934 2936 apostolicae,
955 2873 1006 2936 pro
1027 2871 1076 2915 sua
1098 2862 1188 2916 autern
1209 2873 1261 2914 na-

81 2971 142 3022 tura
163 2959 349 3038 pedetentim
368 2963 567 3044 perficiebatur.
612 2965 812 3046 Apostolorum
834 2967 907 3026 enlm
938 2959 1043 3044 scripio
1074 2966 1100 3023 in
1128 2963 1258 3042 principio

81 3055 134 3150 pro
153 3073 286 3150 temporis
308 3070 487 3151 locorumque
509 3075 614 3135 ratione
634 3075 742 3134 luerunt
763 3073 904 3154 dispersa,
928 3089 992 3133 mcx
1010 3080 1100 3132 tamen
1114 3073 1258 3150 reciproca

80 3177 203 3238 fidelium
227 3178 346 3240 chariias
367 3183 583 3261 pretiosissimos
607 3185 681 3250 istos
710 3183 854 3242 thesauros
868 3182 1038 3261 'spirituales
1059 3179 1111 3239 sihi
1127 3196 1276 3254 commus

79 3305 133 3348 nes
164 3287 265 3348 effecit.
310 3290 340 3348 S.
372 3287 473 3350 Paulos
502 3291 562 3370 ipse
592 3291 627 3352 ad
644 3289 835 3352 'colossenses'
862 3291 977 3351 scribit:
1016 3289 1071 3366 „Ei
1100 3309 1163 3352 com
1186 3290 1257 3351 lectu

81 3397 167 3458 fuerit
182 3397 251 3477 apud
266 3415 319 3457 ros
334 3399 449 3477 epistola
466 3397 546 3474 haec,
571 3399 665 3477 facite,
688 3408 716 3460 ui
730 3403 756 3459 in
770 3395 987 3459 laodicensium
1000 3397 1125 3460 Ecclesia
1136 3399 1256 3476 legatum

79 3515 109 3566 et
131 3523 211 3581 eam,
235 3524 305 3584 quae
326 3505 531 3567 Laodicensium
554 3515 616 3582 esi,
649 3507 844 3585 vos-legaiis“
865 3504 920 3582 (4,
947 3504 1008 3580 io).
1053 3508 1100 3567 Sic
1126 3507 1153 3566 h.
1177 3489 1257 3567 Petro

79 3617 221 3692 cognitum
250 3620 309 3692 esi,
345 3613 436 3697 pluras
466 3615 567 3678 saliem
591 3617 667 3678 Pauli
696 3595 825 3697 epistolas
854 3617 881 3676 in
903 3613 1029 3676 manibus
1051 3600 1257 3677 iidelinmesse

80 3723 140 3799 (ii.
163 3725 236 3786 Petr.
259 3721 289 3800 3,
314 3721 378 3799 ic).
423 3724 484 3784 Pari
514 3726 595 3786 modo
612 3728 669 3804 jorn
691 3727 769 3785 initio
789 3724 891 3784 saeculi
920 3723 1032 3784 secundi
1062 3725 1257 3804 permutatione

82 3834 154 3893 iacta
176 3835 245 3894 inter
265 3851 289 3893 s.
312 3833 500 3914 Polycarpum¹
520 3839 549 3893 et
578 3834 726 3894 ecclesiam
748 3831 965 3912 Philippensium
992 3831 1118 3892 collectio
1146 3833 1259 3913 episto-

79 3943 167 4004 larum
188 3960 213 4001 s.
235 3939 336 4020 ignatii
358 3942 416 4003 fleri
440 3944 545 4022 potuit3
565 3952 664 4021 quanio
684 3943 811 4004 alacriori
833 3941 924 4002 studio
946 3941 1043 4003 ndeies
1055 3941 1252 4019 Apostolorum

78 4051 183 4131 scripta
203 4049 387 4130 collegerint!

163 4157 215 4219 Per
235 4177 268 4220 se
289 4167 381 4239 patei,
405 4160 467 4220 ilias
489 4161 643 4236 ecclesias,
657 4171 738 4238 ¹quae
759 4162 845 4222 multo
869 4162 988 4221 invicem
1009 4159 1153 4221 utebantur
1173 4177 1254 4222 eorn-

80 4267 202 4342 mercio,
226 4269 344 4327 caeteris
366 4267 443 4346 prius
460 4267 620 4346 hujusmodi
642 4268 804 4329 collectione
825 4270 937 4345 gauisus
958 4269 1056 4345 inisse,
1076 4287 1101 4330 e.
1122 4286 1166 4347 gr.
1183 4282 1254 4348 quae
