3070 4940
425 1414 949 1569 Prolegonona.

657 1853 684 1920 l.
709 1851 735 1914 l.

508 2016 587 2077 ialin
604 2016 682 2076 tlovl
698 2013 892 2074 restaurarit

190 2193 355 2272 Objeotum,
385 2197 458 2256 circa
488 2194 561 2274 quod
590 2193 734 2274 disciplina
761 2201 856 2252 nostra
882 2201 1024 2266 versatur,
1051 2198 1113 2250 sunt
1135 2187 1195 2251 libri
1216 2189 1288 2250 Novi

108 2301 297 2382 Testamenti,
334 2303 370 2363 de
406 2321 520 2383 quorum
555 2307 826 2382 denominatione,
861 2319 1011 2380 numero,
1047 2303 1198 2361 rannone
1232 2309 1286 2362 cta.

109 2411 189 2474 uobis
209 2415 320 2494 praevie
342 2412 508 2492 loquendum
530 2422 583 2474 est.

193 2517 220 2580 l.
242 2519 402 2600 librorum,
429 2521 529 2601 quibus
557 2520 737 2584 revelationes
759 2520 867 2580 divinae
894 2518 929 2580 ab
951 2519 1061 2596 origine
1082 2517 1172 2578 mundi
1201 2535 1302 2596 usqua,

109 2627 143 2687 ad
165 2631 427 2690 consummationem
448 2632 476 2691 in
499 2627 611 2692 Christo
631 2627 698 2691 lesu
720 2631 915 2706 continentur,
946 2625 1129 2688 denominatio
1154 2626 1288 2706 frequen-

110 2738 217 2795 tissima
240 2743 300 2795 este
329 2741 517 2816 Scriptura,
539 2743 739 2816 scripturae,
767 2711 932 2818 βίβλος,
961 2734 1009 2799 col
1036 2733 1200 2819 βιβλία,
1227 2737 1288 2798 sive

108 2845 190 2903 etiam
225 2849 387 2922 scorpiuro
414 2865 530 2926 sacro,
566 2845 673 2908 dirlno
708 2855 778 2908 caet.
840 2845 918 2922 Quae
952 2846 1135 2909 denominatio
1169 2865 1220 2928 per
1254 2865 1288 2908 se

108 2953 247 3030 patescit3
270 2954 383 3014 materia
405 2957 507 3037 quippe
522 2953 619 3018 luorum
640 2955 770 3019 librorum
787 2965 830 3016 est
848 2959 980 3019 Veronm
996 2941 1136 3018 diuinum
1157 2962 1185 3016 et
1206 2974 1287 3034 opaca

107 3063 186 3135 Dei;
220 3070 315 3123 auctor
342 3065 485 3144 primarius
513 3070 654 3142 spiritua
682 3069 844 3140 Sanctum
878 3073 1007 3128 auctores
1036 3061 1190 3126 secundarii
1219 3071 1286 3125 sunt

106 3169 193 3230 sancti
214 3167 265 3230 Dei
286 3170 433 3248 homines,
456 3175 567 3252 quinon
590 3173 707 3237 hnmana
736 3171 894 3250 voluntate,
918 3171 970 3235 sed
992 3173 1140 3254 Spiritus.
1163 3173 1285 3252 inspirati

106 3278 186 3341 nobis
216 3279 297 3341 locuti
334 3289 397 3344 sunt
419 3281 467 3357 (ll.
488 3281 560 3344 Patr.
583 3283 607 3360 l,
630 3279 696 3360 21).
719 3317 759 3328 -
786 3282 923 3344 Dicuntur
941 3284 1023 3344 etiam
1049 3286 1120 3344 lr'lrrr'
1141 3285 1286 3344 conorcici

100 3389 180 3465 juxta
201 3407 281 3450 usum
302 3391 542 3470 ecclesiasticum
574 3389 681 3456 κανών
708 3394 808 3474 quippe
836 3387 985 3474 antiquitus
1013 3401 1071 3480 erat
1091 3390 1187 3470 regula
1207 3390 1284 3468 ildei,

105 3505 133 3556 et
162 3498 260 3558 eidnde
289 3498 419 3564 collectio
449 3502 597 3580 librorum,
625 3503 672 3582 qui
701 3521 737 3564 ex
764 3501 899 3564 infallibili
920 3499 1063 3564 traditione
1091 3500 1155 3564 iidei
1184 3499 1307 3590 lunda-¹

105 3616 193 3670 menta
221 3617 251 3669 ct
278 3608 440 3674 documenta
469 3613 678 3676 constituebant.
707 3647 743 3656 -
773 3611 964 3674 Denominatio
997 3613 1117 3672 Veteris
1144 3619 1173 3672 ct
1205 3615 1285 3672 Noni

105 3719 255 3778 Foederlo
284 3716 414 3780 historiae
443 3721 618 3784 revelationis
649 3722 776 3784 innititur.
820 3719 889 3782 Nam
910 3721 1040 3782 revelatio
1061 3719 1151 3782 divina
1172 3719 1207 3779 ad
1229 3738 1284 3800 po-

106 3824 198 3902 pulum
227 3825 393 3890 liehmicum
421 3827 492 3892 laeta
517 3819 642 3893 ¹foederis
676 3832 738 3890 sive
765 3832 839 3908 pacti
867 3847 965 3892 nomeu
995 3810 1172 3910 naturamque
1199 3828 1284 3889 induit

104 3939 225 4026 (η’-ης),
246 3933 390 4021 διαθήκη
410 3939 429 4001 i.
454 3957 480 3999 e.
502 3937 684 4018 dispositio)·‚
705 3937 846 4015 undejnm
860 3935 953 4000 lioses
968 3935 1065 4000 librum
1080 3938 1153 4020 lepis
1168 3957 1282 4034 pas-,330

108 4089 185 4178 ngr?
206 4095 249 4128 =
270 4071 366 4134 librum
388 4073 509 4136 foederis
530 4074 696 4156 nuncupavit
721 4073 825 4152 (Exod.
838 4071 891 4153 24,
914 4071 959 4151 7).
1002 4073 1072 4138 lluic
1092 4074 1199 4136 foederi
1220 4095 1281 4137 on-

18 4222 20 4226 ·
102 4207 188 4284 liquo
210 4201 339 4269 Christus
352 4208 461 4288 ,foedus
482 4229 598 4273 novum
621 4213 751 4292 opposuit
772 4211 868 4273 dicens
889 4229 915 4274 e.
938 4229 980 4288 gr.
1009 4207 1081 4287 „Hie
1102 4219 1146 4271 est
1166 4213 1281 4289 sanguis

100 4332 181 4375 meus
203 4314 275 4378 Novi
299 4320 475 4380 testamenti“
497 4330 551 4382 etc.
581 4319 694 4396 (ilatth.
716 4319 832 4397 XXVI,
855 4318 926 4392 28).
970 4317 1096 4384 Eundem
1118 4319 1219 4382 Paulus
1241 4320 1277 4382 ad

182 4425 294 4468 umen
311 4426 451 4472 unwano.
1054 4428 1070 4488 1
