3070 4940
1217 351 1258 418 ffl

235 522 331 586 liano
352 507 524 604 trypothealo
543 522 635 584 rnnltli
657 521 864 584 difficultatibus
884 520 1031 587 obnoxiam
1044 537 1133 597 esse,
1159 521 1259 582 novis-

250 635 313 694 simi
343 631 468 710 ejusdem
498 640 525 692 et
555 621 655 714 optimi
682 632 844 716 defensores
874 649 929 694 non
951 627 1109 694 dildtentnr.
1153 631 1201 692 Sia
1221 629 1258 692 ol.

250 742 314 821 llag
335 741 427 802 Lnoae
449 743 627 802 omissionem
650 741 836 823 supradictam
857 757 907 822 per
927 740 1108 807 deseribentis
1127 741 1259 802 insariam

249 851 388 932 explicare
409 852 511 912 nititur.
555 849 597 912 Gl.
619 850 782 928 Reitlanrayr
803 869 859 912 non
886 851 968 940 addet
994 850 1131 911 affirmare
1158 857 1259 930 poste-

250 963 335 1022 riores
356 960 542 1038 evangelistas
564 962 685 1040 priorum
709 959 868 1039 Evangeliis
890 977 957 1021 usos
978 958 1072 1020 fnisse.
1086 954 1257 1050 'Ol-Adallr.

219 1155 222 1160 Ι
249 1069 337 1132 llaler
356 1089 407 1152 per
427 1069 612 1150 hypothesin,
643 1068 764 1131 Marsum
793 1081 857 1151 post
879 1069 979 1132 Lnoam
1001 1069 1170 1151 scripsisse,
1198 1087 1257 1131 rem

178 1179 181 1187 '
219 1168 301 1241 ‘sibi
324 1161 409 1240 multo
433 1179 522 1241 adhue
544 1178 729 1241 difficiliorem
752 1179 889 1256 reddidit3
911 1197 972 1240 nam
988 1179 1114 1259 quaestio
1130 1179 1255 1256 recurrit,

245 1289 385 1368 quomodo
406 1287 515 1349 llarons
536 1307 588 1365 ea,
611 1307 683 1368 qnae
706 1271 732 1349 in
754 1291 873 1380 priorum
896 1287 1055 1367 Evangeliis
1077 1289 1255 1350 contineban-

244 1405 349 1475 tnr‚·et
369 1398 511 1459 meliorem
532 1395 623 1462 maa
643 1397 778 1460 ordinem
791 1394 935 1480 tantopere
952 1401 1099 1478 negligere
1111 1395 1255 1480 potnerit?

244 1505 317 1567 llaie
338 1505 492 1568 diidenltati
513 1522 664 1568 oooorrens
680 1509 792 1585 asserit,
814 1510 985 1590 posteriores
1000 1507 1187 1587 evangelistes
1201 1509 1255 1569 nda

243 1616 333 1678 solnm
361 1617 450 1698 priora
476 1616 635 1679 adhibuisse
665 1613 832 1695 Evangelia,
864 1617 915 1678 sed
949 1619 1032 1678 etiarn
1062 1635 1099 1688 „a
1126 1615 1255 1698 paradosi

243 1728 427 1804 evangelioa“
455 1723 620 1809 dependisse
646 1727 690 1800 (t.
713 1723 758 1803 7).
803 1727 856 1788 Ast
882 1725 1022 1805 qnornodo
1048 1744 1085 1786 ex
1112 1726 1254 1788 traditione

241 1837 408 1899 omissiones
429 1836 622 1915 etdeterior,
652 1845 682 1898 nt
714 1839 750 1897 ite
780 1837 889 1916 disard,
919 1838 1136 1918 repraesentatio
1164 1838 1254 1918 expli-
1281 1849 1283 1854 '

243 1945 346 2008 candae
360 1954 453 2024 erant,
477 1945 578 2026 quodsi
593 1945 768 2025 evangelista
781 1945 1027 2028 praedeeessorum
1041 1961 1154 2008 suornm
1168 1944 1253 2008 libros

240 2057 404 2135 integriores
425 2074 458 2117 aa
473 2058 612 2132 ¹strictiori
641 2055 734 2118 ordine
756 2057 930 2137 oonsoriptos
951 2065 1013 2117 ante
1033 2056 1129 2118 oeulos
1160 2054 1253 2116 habuit

240 2166 332 2244 iisque
355 2169 391 2226 nti
412 2164 522 2246 potnit?
563 2163 606 2226 Ol·
626 2164 868 2246 Patritlusntiqne
888 2164 1009 2227 aidrrnat
1027 2164 1109 2238 (Lao.
1131 2165 1159 2232 §-
1181 2162 1251 2242 46),

239 2291 305 2335 sese
326 2275 449 2336 omniurn
464 2274 554 2336 Lnoae
574 2276 764 2351 omissionum,
786 2276 960 2356 paucissimis
973 2275 1119 2356 exeeptis,
1140 2291 1251 2334 cansam

240 2385 380 2466 reperisse
387 2402 397 2462 ;
434 2385 556 2446 rationes
582 2402 649 2445 vero
676 2385 812 2447 addnetae
842 2383 1003 2466 plerumque
1032 2384 1166 2446 levissimi
1186 2390 1251 2444 sunt

239 2492 378 2575 ponderis.
880 2511 897 2520 ··

154 2597 184 2662 3.
206 2600 323 2664 Proinde
342 2604 449 2692 tertiam
471 2605 593 2682 aliqnanr
615 2602 961 2684 hypothesinproponere
980 2601 1082 2664 licebit.
1126 2599 1248 2668 Dubitari

73 2709 136 2770 soil.
158 2726 213 2774 non
234 2719 341 2791 potest,
370 2715 434 2792 quin
464 2714 534 2773 inter
554 2712 707 2794 Apostolos
737 2721 765 2772 et
785 2713 888 2794 primos
910 2711 1059 2792 d'asoipnlos
1082 2708 1191 2771 maditio
1211 2708 1248 2771 de

74 2819 128 2879 vita
154 2819 264 2881 Domini
292 2822 426 2900 vignerit,
440 2839 523 2900 ⁴quae
553 2823 625 2882 oiroa
652 2839 698 2884 res
719 2828 813 2900 gestas
835 2823 863 2882 in
885 2818 1006 2883 Galilaea
1028 2830 1056 2884 et
1076 2821 1168 2882 ultima
1190 2820 1244 2880 iata

40 2929 242 3009 *potissirnnm
272 2930 434 2992 versabatur
459 2937 488 2990 et
516 2933 613 2992 iterum
642 2922 795 3010 iterarnqae
813 2932 930 3012 repetita
952 2931 1069 2993 lerinam
1090 2932 1245 2992 aeomatins

68 3040 305 3120 eironnnson’ptmn
333 3039 499 3121 pedetentim
528 3039 666 3102 induebat.
710 3039 755 3102 Ex
783 3039 836 3102 lrao
863 3040 1012 3104 traditione
1038 3041 1193 3120 quaedam,
1217 3049 1246 3102 nt

68 3147 129 3208 lieri
149 3148 239 3227 solet,
261 3167 277 3212 a
298 3147 444 3232 disoipnlis
465 3151 573 3230 scripto
595 3149 774 3227 notabantur,
796 3160 825 3211 nt
845 3153 951 3213 sensim
972 3148 1130 3238 διηγήσεις
1149 3151 1244 3214 harum

66 3277 158 3321 rernm
179 3261 325 3322 orirentur.
370 3259 472 3324 Luoarn
494 3258 627 3320 habemns
649 3269 767 3337 testem,
792 3263 851 3339 iam
874 3262 1244 3340 emmerammenses,

65 3370 136 3430 tales
157 3369 288 3434 ordinare
308 3372 494 3448 sanationes,
516 3389 553 3430 ex
573 3370 674 3449 onibus
695 3369 849 3432 llattlnaens
869 3371 1008 3453 Apostoli,
1028 3368 1195 3436 αὐτόπτου
1215 3382 1245 3434 et

65 3479 188 3560 inspirati
210 3481 402 3561 praerogativa
422 3479 563 3558 gaudebat
582 3490 611 3541 et
630 3478 697 3542 ltine
717 3480 833 3542 almam
859 3497 961 3562 opera,
987 3482 1088 3562 similia
1115 3491 1244 3544 eaetero-

64 3590 150 3668 qnln,
172 3589 254 3667 longe
274 3590 429 3671 superabat.
460 3590 522 3653 dana
543 3589 601 3652 lieri
623 3590 730 3670 potnit,
751 3598 782 3650 nt
802 3588 913 3652 Marone
934 3607 990 3652 non
1011 3593 1100 3672 ipsam
1113 3590 1243 3654 llatthml

62 3697 177 3774 tibrum,
200 3699 251 3760 sed
272 3708 423 3762 nnnmraot
443 3700 557 3762 alterurn
578 3701 693 3764 istorum
713 3703 881 3763 multorom
902 3710 967 3763 ante
987 3700 1082 3762 oeulos
1104 3701 1240 3779 habuerit,

61 3807 139 3885 quod
162 3809 243 3870 etiarn
264 3807 301 3870 de
324 3808 398 3873 tara
418 3809 472 3872 diei
493 3817 595 3890 potest.
638 3807 699 3872 lloe
726 3808 904 3886 evangelistis
930 3826 986 3870 non
1012 3818 1058 3870 eat
1084 3809 1240 3889 indignum,

63 3916 200 3980 historiae
221 3920 391 3982 conveniens
412 3927 442 3982 et
464 3918 498 3979 ad
520 3918 618 3980 multas
640 3917 816 3992 difficultates
837 3917 985 3980 solverrdas
1006 3926 1109 3998 aptum.
1138 3929 1141 3936 '

105 4031 197 4090 Notas.
229 4027 329 4089 Divina
350 4028 522 4108 providentia
543 4027 596 4090 lrao
616 4030 643 4088 in
662 4046 693 4090 re
714 4029 742 4090 in
762 4026 883 4090 obsonro
910 4045 962 4090 nos
983 4029 1147 4094 constitutos
1175 4045 1240 4090 esse

227 4145 376 4217 putemus,
412 4155 468 4213 „ne
499 4139 589 4198 sinnas
616 4139 756 4218 sapientes
788 4135 861 4217 apud
892 4137 1118 4218 nosmetipsos
1149 4153 1182 4197 ao
1211 4143 1240 4196 ot

155 4303 160 4310 .
208 4288 211 4294 ·
228 4245 413 4322 edomandi,
434 4249 507 4310 oanni
526 4255 619 4314 vesto
641 4245 780 4308 doetrinae
796 4249 907 4325 jaetari,
929 4249 977 4326 qni
996 4251 1057 4308 sats·
1077 4247 1190 4308 aritiam
1210 4254 1240 4307 et

228 4369 285 4421 non
305 4355 438 4446 mtptdttt
454 4354 601 4421 maome
618 4347 781 4434 xnatgtsoito
802 4356 947 4420 amodum
970 4357 1088 4438 opinens
1108 4355 1237 4433 vindos,-
