3034 4934
1203 294 1208 306 '
1230 291 1288 355 tte

112 465 218 525 luerint·
234 461 363 523 consulti.
406 459 525 538 Insuper
547 458 666 518 editores
688 458 775 517 lirmis
802 455 1121 520 murannimal
1153 461 1290 522 lectiones

112 573 249 632 variantes
270 573 322 630 rite
343 568 546 646 dijudicandas.
590 565 698 641 Quibus
720 565 872 628 defectibus
901 575 930 626 ut
959 567 1149 644 mederentur,
1181 568 1244 628 inde
1272 585 1289 630 u

112 681 224 742 saeculo
246 679 357 740 decimo
377 679 496 758 septimo
516 665 616 736 novam
638 693 753 754 prorsus
776 684 928 736 statuerunt
949 684 976 736 et
998 677 1173 738 excoluerunt
1194 681 1289 738 scien-

112 791 196 864 tiam,
218 787 341 848 scilicet:
365 787 477 863 „biblici
499 795 591 846 textus
613 785 768 846 criticam.“

650 975 678 1042 §-
701 971 752 1036 97.

483 1121 515 1181 ⁰.
551 1119 665 1182 drittun
682 1123 788 1182 textus
804 1121 916 1182 tltllcl.

194 1259 282 1339 Hujus
303 1261 440 1321 scientiae
455 1263 537 1320 basis
561 1261 625 1320 sunt
647 1261 703 1322 lata
725 1259 852 1342 superius
874 1273 1050 1341 enumerata,
1078 1283 1148 1342 quae
1173 1267 1200 1326 in
1222 1275 1286 1326 tex-

111 1383 169 1434 tum
194 1371 356 1451 originalem
384 1373 439 1430 vim
468 1367 613 1449 quamdam
650 1380 841 1432 exercuerunt.
891 1377 1017 1434 Natura
1052 1381 1079 1434 et
1105 1362 1289 1440 momentum

111 1479 236 1561 ejusdcm
258 1483 285 1541 in
306 1498 340 1541 eo
362 1479 506 1556 consistit,
529 1489 559 1540 ut
580 1489 672 1540 textus
696 1479 851 1560 primitivus
873 1500 980 1544 summa
1002 1501 1054 1560 qua
1075 1485 1165 1563 possit
1185 1483 1239 1544 lide
1261 1493 1289 1544 et

111 1609 194 1671 quam
216 1590 424 1650 accuratissime
450 1586 588 1650 reddatur.
630 1589 765 1650 Acasten
792 1607 859 1650 vero
887 1600 951 1650 sunt
979 1592 1145 1671 comparatio
1175 1587 1288 1652 fontium

111 1702 305 1778 antiquorum,
334 1698 457 1759 scilicet:
486 1698 541 1758 loci
569 1716 585 1757 a
616 1700 740 1778 patribus
763 1700 855 1774 citati,
887 1697 1000 1759 collatio
1022 1699 1148 1760 codicum
1171 1707 1199 1759 et
1219 1717 1289 1760 ver-

112 1809 230 1870 sionum.
274 1805 392 1868 Codices
423 1807 605 1885 antIquissimi
634 1818 662 1866 et
690 1805 835 1868 celebrimi
856 1816 938 1868 sunt:
970 1807 1056 1867 B=
1078 1807 1175 1870 Codex
1199 1815 1288 1872 Vati·

113 1935 214 1976 cauus
222 1961 233 1996 ,
256 1916 351 1995 procul
367 1913 452 1976 dubio
466 1917 588 1976 omnium
604 1917 832 1994 vetustissimus,
856 1915 1049 1978 verosimiliter
1062 1917 1175 1978 saeculo
1191 1926 1287 1997 quarto

112 2026 295 2105 conscriptus.
318 2021 401 2085 Caret
412 2043 511 2085 vocum
530 2026 722 2112 separatione,
746 2034 774 2086 et
787 2043 849 2086 rara
864 2035 1015 2086 occurrunt
1028 2028 1107 2104 signa
1122 2026 1285 2104 distinctiva,

112 2150 182 2213 quae
209 2141 300 2193 tamen
329 2133 417 2194 serius
445 2133 570 2194 immixta
595 2133 713 2196 luerunt.
769 2131 877 2208 Codex,
896 2137 949 2196 iste
978 2137 1131 2196 novissimo
1165 2143 1291 2214 tempore

112 2243 148 2304 ab
169 2243 277 2320 Angelo
298 2239 373 2303 Maio
394 2241 484 2303 editus
505 2251 550 2304 est
568 2245 608 2318 1).
645 2241 724 2304 Alter
745 2252 789 2304 est
810 2239 906 2304 Codex
926 2244 951 2304 Α
973 2270 1016 2300 =
1038 2246 1289 2326 Aleucudrtuuc,

112 2372 128 2413 e
148 2352 261 2413 saeculo
282 2353 394 2430 quinto;
423 2354 450 2412 in
471 2347 570 2412 lluseo
591 2347 752 2413 Britannico
774 2351 889 2414 londini
917 2363 1074 2414 asservatur
1094 2361 1122 2412 et
1140 2355 1197 2430 jam
1219 2371 1290 2413 nou-

111 2461 200 2522 nullas
221 2479 319 2522 vocum
340 2463 535 2540 separationes
556 2457 679 2522 exhibet.
703 2459 812 2521 Tertius
834 2469 878 2520 est
896 2458 994 2522 Codex
1015 2458 1095 2520 C=
1108 2466 1289 2542 Parisinus,

110 2571 158 2650 qui
179 2572 260 2630 etiam
280 2573 437 2646 Elphracm
458 2573 534 2648 Syri
563 2570 626 2628 sive
651 2573 807 2648 Ephroem
828 2575 1003 2646 rescriptas
1031 2579 1162 2646 vocatur,
1191 2589 1225 2629 ex
1255 2587 1289 2630 eo

110 2676 184 2758 quod
205 2687 297 2759 partes
318 2675 453 2757 quaedam
475 2673 591 2739 eLXX.
615 2687 643 2737 et
664 2655 724 2739 lere
746 2687 831 2738 totum
856 2678 890 2738 N.
907 2676 937 2740 T.
960 2697 976 2738 e
996 2696 1162 2760 pergamena
1183 2679 1289 2740 deletae

111 2797 138 2847 et
160 2786 285 2848 nonnulla
307 2785 492 2868 exoperibus
514 2783 656 2868 Ephraem
677 2787 741 2863 Syri
763 2788 852 2848 eidem
874 2790 1006 2867 inscripta
1026 2797 1100 2848 sunt.

193 2899 333 2956 Fructus
367 2893 483 2974 denique
520 2895 617 2956 harum
648 2893 872 2974 disquisitiouum
907 2899 1064 2959 criticarum
1099 2904 1161 2956 sunt
1195 2897 1288 2976 plures

110 3007 240 3083 egregiae
257 3001 291 3062 N.
313 3001 344 3064 T.
368 3003 518 3080 editiones,
541 3022 611 3084 quas
633 3006 669 3064 cl.
686 3003 896 3079 Griesbachius,
918 3003 1076 3080 Scholzius,
1099 3002 1289 3064 lachmannus

109 3123 137 3174 et
167 3109 396 3172 Tischendorlius
429 3111 613 3189 divulgarunt.
664 3109 736 3173 lnter
767 3113 922 3176 catholicos
956 3113 991 3173 cl.
1023 3113 1168 3174 Scholzius
1197 3120 1291 3173 textus

109 3223 204 3283 critica
219 3221 323 3300 primus
339 3219 484 3296 excelluit,
506 3223 610 3300 quippe
631 3221 678 3300 qui
699 3224 726 3280 in
746 3219 911 3301 longinquas
933 3222 1073 3303 proiectus
1088 3230 1131 3281 est
1145 3224 1288 3299 regiones,

111 3337 140 3389 ut
162 3329 274 3390 codices
295 3331 472 3408 conquireret
492 3347 600 3408 eosque
625 3333 695 3390 inter
718 3349 750 3390 se
772 3331 923 3392 conferret.
968 3327 1010 3390 Cl.
1033 3328 1242 3410 Lachmannus,
1264 3347 1289 3390 s.

110 3437 308 3514 Hieronymum
329 3441 468 3514 imitatus,
500 3439 526 3500 in
547 3437 714 3500 editionibus
736 3441 795 3498 suis
818 3440 967 3519 praecipue
989 3444 1219 3518 antiquissimos
1238 3455 1291 3498 co·

110 3549 187 3610 dices
210 3549 354 3608 consuluit.
397 3547 488 3610 Etiam
511 3549 546 3610 cl.
570 3546 796 3608 'lischendorlius
825 3547 947 3608 laborem
976 3566 1055 3607 suum
1083 3566 1204 3621 summa,
1235 3564 1288 3624 qua

110 3657 200 3736 potuit
221 3674 286 3716 cura
309 3665 337 3716 et
357 3657 486 3736 singulari
508 3657 605 3718 studio
628 3667 792 3738 prosecutus
815 3664 870 3716 est.

194 3763 272 3839 Quae
292 3765 430 3828 editiones
453 3784 515 3827 cum
537 3785 592 3827 non
614 3767 705 3828 solum
729 3749 797 3827 inter
818 3784 862 3842 se,
884 3764 935 3825 sed
957 3766 1040 3824 etiam
1063 3767 1148 3825 textui
1169 3765 1292 3844 antiqui-

111 3883 157 3933 tus
178 3885 290 3954 recepto
311 3878 339 3935 in
362 3881 579 3937 essentialibus
605 3874 792 3952 concordent,
816 3874 1000 3934 firmissimum
1022 3874 1100 3934 nobis
1122 3877 1288 3936 constituunt

179 4091 209 4157 l)
226 4091 256 4143 Ἠ
271 4092 374 4146 natata
390 4095 437 4146 nat
455 4093 471 4156 ἡ
487 4095 568 4155 actua
586 4089 711 4154 Διαθήκη
733 4119 759 4126 -
781 4089 865 4144 Vetus
885 4093 911 4143 et
928 4104 1024 4144 novum
1043 4089 1238 4144 Testamentum
1256 4103 1290 4142 ex

111 4184 293 4254 antiquissimo
318 4187 409 4243 codice
435 4186 556 4242 vaticano
583 4185 664 4241 edidit
689 4185 848 4256 Angelus
873 4183 980 4239 llaius
1008 4185 1034 4238 S.
1055 4183 1084 4239 li.
1104 4183 1134 4238 E.
1160 4179 1238 4238 Card.
1260 4215 1287 4223 -

109 4278 208 4335 Romae
225 4279 294 4352 apud
311 4279 457 4351 Jos'ephum
474 4279 631 4351 Spithdvcr,
650 4279 754 4350 Lipsiae
773 4279 841 4348 apud
860 4278 889 4331 E.
909 4275 937 4330 F.
958 4275 1112 4331 steinacler
1130 4283 1203 4335 1857.

192 4377 304 4417 marmari
322 4376 462 4418 mesaneos.
1043 4371 1082 4432 10
