3034 4934
1208 338 1248 404 el

199 507 463 570 Thessalonicenses
484 505 593 567 direxit.
617 502 740 565 -1idoc
761 511 876 584 peracto
896 505 954 564 reti
977 519 1060 564 causa
1080 501 1250 580 bremon-

199 634 272 694 marn
289 630 421 677 mversus
443 623 488 677 est
507 624 535 675 et
557 615 713 696 pernpmtie
740 611 930 694 asperioribus
945 603 1030 674 Asiae
1050 613 1162 675 minoris
1184 631 1251 694 pur·-

199 726 272 788 libus
301 729 458 803 &herrm
489 743 522 786 se
554 723 667 798 conbiil
694 722 790 802 ibique
816 722 880 803 plus
906 721 1016 784 duobus
1045 740 1108 783 com
1137 721 1250 786 dimidio

94 878 114 890 ι
198 839 278 898 sanis
309 833 368 910 (54
380 833 480 908 ⁴5⁷)
508 847 613 908 moram
645 833 733 907 iecit,
764 834 801 892 ile
832 842 860 893 ut
884 831 959 910 hsqc
986 835 1127 922 ciuitatem
1155 851 1252 894 revers

201 943 373 1025 monopolim
397 945 462 1006 iidsi
484 942 668 1025 prolireecie
682 943 807 1005 orientali
831 945 1019 1004 constbueret.
1040 941 1150 1004 Exinde
1168 944 1251 1004 etiam

201 1054 281 1116 dedil-
304 1055 447 1136 epistolem
476 1055 511 1116 ad
534 1053 647 1116 (inlatas
675 1063 704 1114 et
733 1052 768 1114 nd
800 1051 958 1114 Godmhios
984 1054 1107 1132 primum
1131 1081 1169 1100 -
1188 1052 1252 1113 dom

200 1164 307 1244 pridem
328 1166 355 1226 lu
376 1163 474 1247 urbem
492 1163 673 1245 principalem
694 1153 955 1241 ffldumlilomom
969 1161 1067 1223 oculos
1081 1164 1251 1239 conjecerat3

198 1284 227 1335 al
246 1291 336 1351 nunc,
365 1272 489 1336 Graecis
507 1273 573 1335 iidei
589 1273 746 1350 subjeclc,
777 1273 804 1332 in
824 1272 927 1352 Spiritu
948 1273 1115 1347 contituit,
1137 1274 1252 1333 transitu

201 1383 362 1446 llacedonia
384 1393 412 1444 et
432 1383 552 1463 hohsje,
574 1385 614 1444 ire
635 1381 868 1458 Hierosolymam,
889 1381 999 1442 dicens:
1022 1364 1150 1460 quonism
1171 1390 1252 1462 pesl-

201 1511 282 1574 quam
310 1493 388 1555 luero
417 1494 472 1569 ibi,
506 1501 616 1574 oporiet
644 1511 688 1552 nne
714 1502 742 1552 ιι
763 1489 880 1551 hornam
903 1490 1007 1552 ridere.
1050 1488 1158 1551 Exinde
1181 1508 1252 1570 pro-

173 1591 289 1665 'locos
323 1605 352 1663 iu
386 1601 599 1679 Macedoniam,
632 1601 678 1662 ibi·
703 1601 820 1664 aiteram
854 1599 888 1662 sd
919 1596 1077 1662 lionuthios
1106 1602 1251 1683 epistolam

199 1714 329 1792 scripsit,
351 1711 413 1772 dein
434 1709 594 1775 Corinthum
616 1713 690 1772 senil
711 1710 806 1789 ibique
833 1709 951 1778 hiemem
972 1707 1146 1784 (bi-58)
1173 1720 1253 1772 iran-

199 1823 274 1897 seglt
301 1829 330 1880 et
358 1820 503 1903 epistolam
531 1820 566 1881 ed
588 1819 729 1880 Romanos
759 1819 884 1898 scripsit.
928 1817 1025 1879 Postea
1046 1837 1096 1899 per
1117 1817 1253 1882 blucedo-

202 1932 295 2007 niem,
318 1928 474 2006 Troadem,
505 1927 628 2010 dijietum
650 1931 676 1990 in
698 1928 877 1990 Palaestinam
898 1929 950 1988 iter
976 1927 1077 1989 direxit
1103 1936 1132 1990 el
1152 1925 1254 1990 Hiero-

200 2040 317 2117 solymis
338 2039 411 2101 lesto
425 2049 601 2122 pentecostes
623 2041 687 2102 anni
710 2034 809 2098 sen
832 2037 939 2098 vinculo
956 2041 1098 2117 conjeclus
1119 2045 1171 2099 est.
1194 2037 1253 2101 Hac

202 2151 286 2228 iqitur
315 2148 430 2230 periodo
465 2166 520 2210 nou
559 2147 649 2210 seium
685 2146 789 2208 loboris
821 2149 866 2207 'sul
902 2155 1009 2226 perlem
1044 2146 1252 2210 celeberrimam

204 2256 340 2334 absolvit,
370 2257 422 2324 sed
451 2244 479 2318 el
507 2257 676 2338 principales
705 2257 817 2338 son‘psit
836 2253 983 2337 epistolae,
1018 2255 1167 2334 inquibus
1194 2274 1255 2317 ms-

201 2368 302 2427 ximum
335 2365 400 2427 illud
428 2364 572 2445 problema
597 2365 697 2428 solvil:
728 2349 911 2426 relationem
938 2368 1020 2426 lotor
1047 2373 1196 2426 masuram
1224 2374 1256 2426 el

199 2480 341 2550 pralium
796 2481 803 2494 “

148 2588 180 2655 ι)
202 2589 355 2654 Peniculus
376 2585 572 2659 defensionis
592 2593 718 2663 tempore
746 2584 913 2664 captivilatis
935 2585 1038 2664 primae
1058 2581 1117 2660 (58
1130 2621 1171 2672 -7-
1185 2581 1253 2662 63),

196 2695 248 2773 'sie
268 2693 359 2772 dicia,
380 2694 454 2774 quod
476 2696 530 2756 islo
552 2702 676 2774 tenpore
697 2685 888 2772 requirebatur
916 2673 970 2754 non
1000 2701 1055 2754 tam
1083 2711 1154 2754 nora
1182 2711 1255 2756 con-

202 2803 327 2879 stituere,
358 2819 442 2881 quem
471 2802 558 2865 remei
587 2809 662 2882 parta
696 2801 766 2862 tueri
798 2808 891 2862 contra
927 2801 1082 2880 ingruentia
1116 2800 1254 2861 doctrines

113 2907 118 2918 '
202 2911 328 2996 vitaeque
348 2910 515 2975 communae
536 2910 667 2993 pericula.
709 2909 863 2991 Apostolus
884 2909 1123 2972 scilicetbiennio
1145 2906 1253 2974 (inesa-

201 3038 266 3082 rese
292 3023 345 3084 sub
373 3020 471 3082 Felice
499 3031 528 3083 el
558 3019 642 3082 Festo
673 3019 934 3081 Procuratoribus
926 3037 953 3080 ru
983 3020 1098 3081 vinculis
1119 3027 1253 3097 cuculus,

203 3147 253 3210 per
274 3130 391 3193 insidias
412 3130 583 3230 iudaeorum
601 3130 719 3210 deuiqqe
741 3139 854 3192 conotus
875 3129 928 3193 luit
949 3129 1065 3190 Romam
1085 3129 1120 3191 ed
1143 3126 1253 3192 (iams-
1365 3195 1368 3204 ,

201 3257 261 3298 rem
283 3240 439 3320 appellere
467 3257 556 3318 eoque
578 3249 650 3300 enno
672 3236 828 3316 (oo-61)
848 3240 899 3300 iter
920 3211 1101 3319 periculosum
1123 3238 1252 3299 coniecit

202 3345 307 3408 lbidem
335 3366 386 3429 per
410 3349 483 3410 duos
510 3365 597 3409 annno
626 3350 654 3408 in
683 3347 797 3408 vinculis
823 3347 933 3427 quidem
961 3356 1035 3424 eret,
1068 3345 1252 3426 Evangeiium

201 3465 293 3517 tamen
307 3456 392 3526 libere
412 3457 596 3538 praedicavil3
617 3455 730 3518 biennio
752 3456 878 3518 absoluto
899 3456 1052 3518 libertatem
1073 3459 1252 3540 recuperavit.

201 3563 273 3626 luha
301 3565 357 3628 hoc
384 3575 492 3648 tempos
521 3566 676 3642 ecelesiae,
707 3563 778 3625 duce
805 3565 942 3644 Aposloio
970 3567 1113 3644 privasse,
1127 3565 1252 3650 ‘divinoe

202 3673 388 3755 providentiae
409 3682 436 3736 et
457 3677 585 3758 propriae
606 3673 756 3738 evolutioni
778 3673 1002 3754 relinquebaulor.
1035 3661 1092 3736 Sed
1113 3673 1177 3736 dum
1198 3693 1253 3735 un-

201 3783 285 3863 dique
306 3785 369 3846 ieeli
391 3763 497 3847 iruclus
519 3775 699 3867 apparereul,
723 3793 920 3870 succreverunt
938 3793 967 3844 et
988 3785 1107 3861 eleonis,
1129 3793 1157 3846 el
1177 3786 1252 3866 peri-

201 3893 263 3958 cula
284 3912 369 3975 sopra
391 3895 533 3972 indipisces
554 3897 708 3975 irrumpere
730 3902 892 3974 coeperunt.
938 3893 976 3954 Al
997 3893 1148 3974 Apostolus
1169 3894 1252 3956 solii-

199 4005 256 4065 cite
277 4003 396 4084 sipiiens
418 4005 470 4074 ists
492 4004 612 4084 pericula
635 4022 687 4084 per
708 4005 837 4083 epistolas
859 4005 1000 4085 praevenit
1018 4013 1066 4065 aut
1084 4006 1250 4085 suppressit.

201 4111 246 4175 lix
266 4115 432 4198 ceptirllete
445 4112 569 4182 Romane
589 4113 699 4176 scilcet
721 4115 835 4194 scripsit
853 4114 983 4194 epistoins
997 4113 1031 4175 ud
1046 4113 1250 4195 Philippenses,

200 4220 359 4304 Ephesios,
382 4219 572 4286 colossenses
590 4232 632 4291 el
639 4221 844 4300 Philemonem;
871 4232 899 4284 et
919 4233 983 4306 post
1004 4232 1143 4305 receplsm
1166 4223 1252 4350 hier·

200 4339 284 4400 tatem
305 4333 451 4412 epistolem
471 4323 690 4396 sddlcbrscce.

158 4442 271 4486 ιιοιιιιιιι
283 4443 421 4488 numano.
1024 4438 1045 4500 6
