3034 4934
1068 348 1251 422 ,tot

78 515 239 594 episcopia,
262 490 300 574 ub
311 519 364 594 ipsi
375 508 548 593 ‘vigilarent,
578 533 675 593 magna
698 516 817 596 periodis
839 519 1050 595 praenuntians:
1065 515 1158 594 „Ego
1173 501 1250 592 scio,

76 622 134 695 ait,
156 624 291 709 ¹quoniam
309 623 453 684 intrabunt
482 631 547 704 post
572 615 773 706 discessionem
806 641 901 688 meam.
923 624 1121 704 tnptrapnnes
1137 626 1250 698 iu·ros,

77 748 133 789 oon
155 740 302 807 parcentes
323 734 422 809 gregi3
445 739 472 792 et
484 749 528 791 ex
550 731 632 818 vultis
644 731 863 812 ipsis'exurgeut
877 734 928 792 viri
941 733 1087 812 loquentes
1097 735 1252 812 perversa“

75 849 131 900 etc.
153 840 231 911 (hut.
254 839 307 916 20,
329 839 379 902 29.
402 837 468 913 30).
512 831 728 920 Quinquenoium
750 842 843 917 istud,
871 859 929 921 quc
951 837 1099 922 Apostolus
1127 841 1251 922 captiuus

76 949 223 1038 tenebatur
243 947 309 1021 (57.
332 947 451 1028 vels58.
467 983 506 996 -
520 946 597 1027 63.)
610 960 669 1011 erat
690 960 813 1028 tempus
832 955 1027 1028 motationis
1048 968 1098 1031 pro
1114 949 1251 1010 ecclesiis.

77 1056 186 1118 Revera
215 1060 286 1118 enim
314 1060 415 1136 interea
444 1047 609 1122 intraberuat
635 1063 679 1120 isti
710 1061 765 1142 lupi
793 1057 973 1139 rapaces'at·
992 1067 1171 1122 surrexerunt
1200 1061 1252 1118 viri
1289 1117 1298 1128 ,

76 1167 222 1246 loquentes
253 1155 402 1248 peruersa,
419 1168 569 1247 5·doctores
597 1157 725 1229 scilibet·
738 1169 820 1245 lalsi,
856 1170 1004 1249 praecipue
1035 1187 1096 1249 per·
1116 1145 1251 1235 eeclesias

76 1276 235 1337 orientales.
279 1273 339 1338 llas
369 1276 418 1337 de·
434 1296 464 1338 re
490 1279 591 1339 certior
619 1278 707 1340 lamus
738 1269 891 1358 Apostolus
913 1279 1014 1350 statha
1041 1277 1168 1338 decrerit
1188 1275 1253 1338 huic

78 1383 400 1466 periculafgrasishimo,
432 1379 609 1464 occurreret,
632 1386 721 1462 llisso
738 1389 829 1464 igitur
837 1423 848 1454 ι,
856 1389 950 1467 priori·
969 1387 1090 1457 consilio
1110 1385 1196 1446 cundi
1226 1387 1251 1446 in

78 1497 257 1578 Hispaniam,
289 1502 386 1560 iterum
416 1497 604 1560 iu'0rieutem
628 1501 730 1578 reverti
743 1497 862 1572 ¹statuit,
893 1497 943 1556 sed
970 1475 1111 1580 picenium
1131 1495 1254 1556 adhibuit

78 1607 227 1669 remedium
249 1628 297 1689 per
315 1609 456 1689 epistolas.
695 1613 698 1618 '
914 1598 917 1606 ’

160 1716 189 1780 3.
213 1719 251 1780 Ut
275 1720 386 1802 harum-
401 1721 578 1786 intentionem
608 1710 706 1787 melius
735 1723 953 1804 perspiciamus,
986 1713 1116 1780 doctbres
1145 1725 1173 1776 et
1199 1716 1258 1804 dc-

80 1832 198 1906 ctrinas,
228 1830 327 1910 quibus
345 1825 502 1910 “Apostolus
524 1833 639 1907 restitit,
661 1814 816 1892 accuratius
837 1845 1010 1906 cognoscere
1024 1829 1111 1903 juvat.
1134 1827 1253 1906 Pecca-

79 1950 144 2000 tom
168 1944 302 2042 primum
331 1940 384 2000 hoc
415 1949 490 2022 erat,
524 1949 553 2000 ut
582 1940 708 2000 homiues
740 1939 845 2018 absque
867 1939 1027 1999 anctoritate
1048 1942 1253 2015 praesumerent

78 2051 168 2111 locum
189 2031 391 2146 Apostolorum
400 2059 546 2130 'usurpare
568 2059 601 2111 et
617 2048 767 2110 doctrinam
789 2047 937 2109 reuelatum
961 2032 1181 2127 emendare,-
1188 2041 1265 2110 hoc-

82 2157 150 2217 aliud
171 2157 224 2219 nou
246 2168 306 2233 est,
323 2161 397 2219 nisi
403 2149 503 2222 Verbo
522 2160 574 2220 llei
598 2158 714 2220 verbum
736 2158 881 2219 huumuum
907 2155 977 2217 uelle
992 2139 1181 2219 substituere
1199 2150 1253 2228 El

81 2284 174 2326 reuera
201 2267 357 2327 afferebant
386 2267 610 2348 ,philosophiam
641 2277 667 2329 et
696 2271 805 2330 inanem
834 2269 969 2334 tatianam
986 2269 1143 2331 secuudum
1158 2270 1253 2332 tradi-

79 2367 178 2435 ti'ouem
201 2373 338 2436 homiuum
360 2385 388 2436 et
412 2394 465 2437 oon
487 2378 638 2439 secuudum
657 2377 822 2450 Christuml‘,
839 2357 919 2461 (dot.
944 2378 975 2457 2,
997 2375 1041 2452 8).
1064 2377 1162 2454 Quoad
1182 2380 1254 2453 sor-

79 2503 157 2546 mam
185 2487 236 2545 ista
266 2484 451 2588 philosophia·
471 2495 529 2546 erat
560 2472 630 2548 nova
657 2487 792 2567 quaedam
822 2487 989 2566 mythologie
1010 2489 1037 2548 ἰ.
1070 2488 1252 2554 edictiones

78 2595 267 2675 phantasticae
280 2576 353 2656 loco
375 2579 570 2658 revelationis.
579 2579 736 2656 historicae
780 2596 854 2657 luter
874 2603 1017 2670 dopmata
1038 2615 1133 2656 eorum
1153 2595 1255 2656 obser-

78 2721 145 2763 vare
172 2695 255 2779 licet,
287 2704 359 2783 quud
390 2705 562 2788 dignitatem.
584 2702 706 2781 Christi,
740 2714 769 2766 ιιι
800 2715 884 2785 eaput
912 2714 940 2765 et
971 2705 1151 2799 principium
1166 2707 1254 2770 omrtis

78 2801 236 2889 creaturae,
259 2813 472 2890 imminuebant,
493 2822 522 2874 el
534 2791 726 2898 hierarchiam
756 2802 891 2893 quandam
915 2801 1102 2896 hngdlorum
1110 2809 1254 2912 confinge-

78 2919 156 2984 baut
167 2941 228 2984 cum
252 2922 385 2999 dignitate
406 2923 533 3023 religioni
555 2921 721 2984 christianae
743 2925 838 2984 aliena
858 2963 897 2973 -
917 2921 1042 2986 animm
1054 2917 1136 3014 quod
1149 2925 1254 2996 attinet,

64 3031 229 3112 ¹Apostolus
252 3035 386 3113 vituperat
406 3033 507 3093 falsam
525 3033 793 3117 humiliationem-
810 3029 1107 3122 ἐθελοθρήσκειαν,
1128 3027 1254 3112 arrato

78 3131 325 3229 dpr'basacru'-
345 3147 416 3204 torn
438 3143 584 3220 desitque
589 3149 718 3204 morulis
738 3143 840 3223 duplici
863 3131 1007 3205 laborabat
1027 3158 1166 3204 excessu.
1186 3141 1259 3203 ldlsa

77 3255 170 3313 ascesi
193 3259 220 3314 et
241 3252 382 3322 dissolutis
404 3251 525 3314 moribus
549 3249 642 3332 (Eph.
655 3250 685 3328 5,
711 3250 765 3329 123
787 3250 847 3322 Col.
861 3251 892 3329 2,
915 3243 982 3327 23).
1006 3259 1051 3296 -’
1068 3249 1145 3311 Haec
1166 3253 1255 3320 omnia

76 3341 263 3438 adtendunt,
288 3340 431 3423 navemn
453 3361 502 3421 Dei
525 3361 648 3432 doctrina
671 3360 805 3438 humana,
839 3371 867 3422 ut
895 3362 1062 3422 institutioni
1079 3360 1131 3421 Dei
1158 3361 1255 3441 placita

77 3474 219 3550 hominum
249 3475 472 3548 immisceamur,
495 3475 550 3533 imo
571 3470 786 3547 substituantur,
802 3474 835 3550 ,in
857 3491 917 3550 quc
938 3475 1081 3542 ιιιιιίιιιι
1106 3473 1253 3529 haeresis.

76 3593 125 3627 -·
142 3579 246 3654 Quodsi
271 3599 369 3642 nomeu
392 3590 421 3640 et
442 3590 562 3672 naturam
582 3578 662 3656 buius
680 3577 804 3666 haeresis
831 3571 1009 3658 inquirimus,
1032 3565 1179 3657 quidquam
1200 3575 1253 3644 de-

77 3690 185 3749 linitum
209 3665 261 3770 nou
284 3685 525 3768 deprehendimus.
550 3689 609 3750 lmo
630 3663 784 3768 composita
803 3679 906 3760 estex
928 3677 1071 3746 elem'eutis
1087 3681 1254 3759 christianis,

71 3798 214 3875 judaicis,
238 3774 373 3882 ethnicis,
397 3801 531 3876 graecis,
563 3793 762 3873 orientalibus,
775 3851 778 3858 ,
791 3805 818 3862 et
839 3797 1000 3861 commentis
1018 3795 1254 3884 privatis-omnis

76 3911 201 3985 generis.
231 3907 353 3978 Revera
374 3927 521 3990 possumus
543 3908 654 3984 dicere,
679 3903 746 3968 esse
768 3899 958 3969 communem
979 3909 1135 3966 ιιιιιιιιαιιι
1156 3909 1256 3966 omniu

75 4023 244 4108 haerescos
258 4013 493 4098 cujuscumque
499 4023 645 4096 temporis
664 4027 697 4079 et·
714 4023 773 4080 loci
781 4063 792 4096 ,
816 4018 943 4078 haeresin
966 4014 1136 4090 radicalem,
1152 4013 1255 4075 adhoc
1332 4023 1336 4030 '

77 4103 240 4188 rnonbtrum
246 4127 445 4188 debellandum
469 4129 617 4207 Apostolus
643 4131 676 4189 s'e
698 4130 876 4206 accingit.
1058 4121 1071 4136 ’

161 4233 191 4296 4.
215 4235 539 4328 Epistolaeuuostlium
560 4239 716 4314 igiturest,
739 4237 837 4298 hildes
851 4244 949 4299 contm
958 4233 1089 4316 pericula
1085 4223 1249 4304 haer'eseos

73 4343 373 4409 commonendos
401 4361 493 4407 uero·
506 4349 595 4424 magis
632 4347 767 4426 positive,
803 4363 884 4424 quam
920 4347 1058 4422 negative·
1082 4333 1252 4424 (polemico)
