3070 4940
187 1137 217 1208 ’·
461 1169 634 1273 ruas
664 1164 909 1280 aarum
962 1321 966 1328 .

368 1593 444 1662 lte
465 1555 674 1677 quatuor·
694 1587 986 1674 ravangerus.

571 1871 577 1881 .
635 1809 662 1877 1.
685 1809 727 1872 6.’

315 1973 520 2048 Βιιιιιιιιιιιιι
538 1972 717 2047 ursugslter
735 1972 822 2045 proto
832 1998 843 2015 ·
853 1970 1045 2044 srsugeltuuu

179 2138 205 2201 1.
227 2139 412 2221 Evangelium
446 2136 670 2221 (εὐ-ἀγγέλλω)
702 2137 890 2216 etymologice
922 2133 1063 2215 signihoat
1091 2123 1197 2197 bouum
1224 2141 1270 2195 aut

95 2250 199 2312 laetum
220 2253 356 2312 nuntium.
401 2251 559 2335 Scriptores
580 2267 648 2312 vero
671 2247 708 2315 tt.
729 2247 761 2312 Τ.
793 2246 849 2308 hoc
869 2248 980 2308 nomine
1008 2245 1157 2323 designent
1184 2261 1270 2325 prae-

95 2359 261 2422 dicationem
282 2363 364 2440 regni
386 2357 457 2437 Dei,
486 2377 537 2421 seu
559 2359 701 2435 Summam
723 2357 895 2420 revelationis
917 2357 945 2418 in
968 2353 1038 2417 Jesu
1059 2351 1180 2421 Chrbto.
1223 2354 1271 2414 Sic

95 2467 231 2531 Dominus
253 2471 315 2552 ipse
335 2479 460 2531 narratur
479 2471 644 2532 circuivisse
668 2467 833 2548 praedicans
854 2464 1037 2545 Evangelium
1058 2466 1138 2545 regni
1159 2461 1269 2539 (hietth.

95 2573 129 2654 4,
150 2573 224 2656 23);
254 2581 297 2640 sic
318 2579 447 2660 Apostoli
468 2578 600 2658 iubentur
628 2577 790 2659 praedicere
817 2575 1001 2654 Evangelium
1030 2575 1103 2636 omni
1130 2577 1271 2634 creaturae

97 2683 198 2758 (hiero.
223 2682 281 2761 16,
312 2682 379 2759 15).
406 2743 408 2746 ,
438 2687 486 2746 Sic
517 2705 544 2753 s.
576 2685 725 2766 Apostolus
746 2684 878 2746 Paulus·
897 2684 1018 2764 i'oquitur
1050 2683 1086 2746 de
1121 2682 1274 2761 Evangelio

97 2792 216 2871 salutis,
238 2791 395 2873 Evangelio
418 2797 513 2876 pacis,
535 2793 686 2873 Evangelio
708 2796 821 2873 gratiae.
836 2827 877 2841 -
898 2791 959 2855 Hoc
979 2803 1080 2855 nomen
1104 2795 1273 2874 optimeerr-

96 2895 188 2982 primii
208 2909 334 2965 naturam
356 2903 531 2966 revelationis
551 2903 619 2965 iesu
641 2892 744 2964 Gh'risti
767 2906 885 2983 ejusque
915 2885 1138 2965 diremptione
1163 2888 1272 2964 reuda·

98 3013 176 3074 tione
197 3011 308 3075 Veteris
329 3010 501 3076 Testamenti
521 3015 549 3074 iu
569 3011 646 3093 hege
667 3015 704 3097 et
717 3015 744 3074 irr
766 3012 921 3095 Prophetis.
959 3013 1085 3093 Namque
1107 3011 1164 3076 hex
1186 3015 1272 3092 ,iram

96 3123 247 3202 operatur“
270 3119 367 3197 (Rom.
389 3119 421 3198 4,
446 3119 498 3197 15)
518 3122 638 3203 plusque
660 3123 773 3184 terroris
795 3139 877 3201 quam
904 3123 1103 3184 consolationis
1130 3125 1271 3200 coutinet3

94 3229 281 3310 Evangeiium
302 3247 400 3292 revers
422 3241 466 3292 est
487 3230 577 3292 laetm
599 3232 711 3292 nuntius
733 3229 767 3291 de
789 3233 898 3311 ,gratis
914 3240 941 3294 et
955 3233 1085 3309 veritate,
1108 3250 1179 3313 quae
1192 3231 1272 3295 nohis

94 3338 264 3421 pertesum
286 3336 427 3402 Christum
448 3340 521 3402 isots
542 3344 605 3402 est“
627 3339 739 3419 (Joann.
766 3339 795 3419 i,
820 3325 884 3418 17).
927 3342 998 3404 Item
1018 3339 1174 3424 Prophetae
1200 3343 1271 3404 iectu

95 3447 209 3526 quidem
236 3449 461 3531 praenuntiabant
488 3451 623 3530 futoro,
655 3447 838 3531 Evangelium
875 3469 943 3512 vero
974 3459 1004 3514 ut
1024 3454 1096 3528 jons
1125 3448 1217 3528 facto
1245 3431 1273 3512 et
1390 3483 1397 3492 ·

95 3562 279 3631 presumas
299 3562 469 3622 annuntiat
489 3597 528 3609 -
551 3556 701 3640 &pretist
771 3541 772 3545 Ἰ
1001 3563 1005 3572 ’

180 3663 317 3728 insensu
337 3667 424 3731 latiori
446 3669 481 3731 ah
503 3667 685 3750 Evangeiium
709 3678 829 3750 possunt
851 3671 944 3732 omnia
963 3669 1080 3748 reterri,
1101 3687 1172 3749 quae
1190 3667 1225 3730 N.
1239 3667 1271 3730 Τ.

95 3776 286 3852 continentum
315 3783 437 3837 ettamen
460 3775 515 3838 hoo
535 3793 635 3840 nomen
655 3780 791 3854 strictius,
819 3787 849 3840 ut
872 3780 932 3856 jam
953 3777 1090 3858 Origenes
1113 3775 1273 3839 observavit

24 3893 26 3900 ·
97 3886 262 3951 (commem.
286 3885 313 3944 in
333 3883 436 3947 Joanu.
461 3881 492 3963 1,
514 3883 569 3962 5),
596 3885 769 3948 selummodo
786 3889 935 3950 narrationi
956 3893 994 3948 ds
1015 3891 1105 3950 dictis
1126 3896 1156 3949 et
1174 3886 1274 3962 footts

96 3997 130 4048 et
147 3995 297 4066 passione
311 3996 428 4054 Christi
449 3995 587 4056 convenit.
610 3995 659 4056 Sic
676 3997 736 4073 jum
758 3997 785 4056 in
807 3994 927 4076 epistola
949 3994 985 4057 sd
1005 3993 1143 4077 Ephesios
1158 3992 1274 4070 (4311)

95 4105 208 4178 prester
236 4097 367 4161 doctores
395 4111 423 4162 et
455 4111 580 4183 pastores
612 4115 802 4167 enumerantur
830 4109 1066 4185 flosnpetistoe,
1104 4113 1133 4166 ut
1162 4104 1274 4186 proprio

95 4225 212 4268 munere
235 4215 263 4268 et
285 4207 454 4294 charismate
475 4213 604 4291 insigniti.
626 4212 704 4276 Haeo
725 4217 847 4278 narratio
869 4233 921 4278 seu
942 4213 1100 4304 διήγησις,
1121 4229 1194 4293 quae
1209 4213 1274 4274 iun-
1342 4206 1344 4214 ’

96 4315 256 4379 dementum
277 4319 363 4382 totius
382 4317 417 4380 Ν.
439 4310 470 4382 ’1.
493 4323 649 4403 constituit,
669 4325 787 4405 primurn
810 4334 957 4397 oretenus
978 4323 1156 4400 uehebatur,
1174 4311 1274 4403 postea
