3070 4940
1238 338 1283 408 ,49

21 483 24 522 ³
107 500 236 562 editionis
260 499 417 576 discimus,
440 499 642 580 evangelistam
664 501 783 565 maxime
805 505 961 580 episcopis
981 504 1103 582 regionis
1126 501 1282 585 ldphcsinae

104 609 259 690 petentibus
288 612 388 674 librum
417 628 498 672 suum
527 612 553 671 iu
581 601 677 672 manus
704 603 836 689 dedisse,
866 620 894 671 et
921 611 1018 674 lideles
1039 631 1135 674 eorum
1156 613 1281 676 locorum

20 711 27 746 l
106 721 222 780 maxime
243 720 421 802 respexisse,
450 737 519 798 quos
541 711 670 781 haeretici
691 719 889 780 autichiistiani
918 720 1097 794 infestabant,
1136 720 1280 784 Caeterum

20 843 21 852 ¹
106 827 221 889 dubitari
250 849 304 889 non
318 837 443 910 potest,
473 830 603 911 Spiritum
633 849 659 890 s.
690 828 742 890 hoc
764 828 945 908 Evangelium
974 833 1116 892 universae
1138 831 1282 894 Ecclesiae

105 937 262 999 destinasse
285 938 319 998 ad
341 957 449 999 omnem
475 939 572 1000 falsam
594 939 694 1016 gnosiu
715 955 765 1000 seu
786 937 989 1020 philosophiam
1011 933 1224 1018 destruendam,
1246 941 1280 1001 ad

19 1065 21 1076 ⁴
103 1065 211 1108 omnem
232 1065 326 1109 veram
347 1059 440 1110 autem
464 1047 689 1129 promovendam.
789 1063 795 1069 '
844 1065 847 1072 '

637 1294 664 1361 S·
686 1293 735 1356 26.
819 1294 822 1303 “
948 1280 953 1294 ⁸

401 1431 610 1528 &acmantum
627 1454 782 1552 Evangelii
801 1468 827 1514 r.
844 1454 979 1518 totunm.

183 1618 299 1681 Praeter
319 1623 481 1698 prologum
508 1619 556 1700 (l,
579 1618 824 1700 mdo-tet),
853 1622 898 1700 qui
927 1637 1062 1686 summam
1083 1622 1162 1700 quasi
1183 1619 1278 1683 Evan-

16 1817 19 1842 Ι
99 1730 190 1810 gelli,
209 1734 266 1792 imo
287 1734 370 1792 totius
391 1733 569 1795 revelationis
592 1734 731 1810 continet,
761 1736 842 1794 duae
868 1739 978 1810 parler
1004 1729 1121 1811 rhajores
1150 1730 1278 1810 distingui

16 1845 19 1854 ’
100 1849 230 1920 possunt.

501 1983 585 2041 Pars
604 1984 695 2058 prior
717 1977 868 2058 (t-xtt.)

181 2067 241 2162 utili
263 2101 314 2162 Dei
336 2103 469 2166 incarnati
490 2103 518 2163 in
539 2111 612 2164 terra
632 2103 830 2166 revelationem
859 2110 918 2163 tum
940 2100 1032 2166 verbis
1054 2111 1111 2163 tum
1132 2100 1275 2181 operibus,
1371 2139 1390 2160 e

99 2218 128 2270 et
150 2209 287 2273 hominum
309 2211 525 2275 incredulitatem
547 2221 654 2276 enarrat
675 2251 713 2264 -
736 2213 772 2275 ad
793 2211 980 2274 illustrandam
1009 2214 1087 2290 quasi
1106 2214 1185 2274 istam
1208 2230 1277 2299 sen7

100 2321 229 2384 tentiam:
253 2323 301 2400 ,in
319 2324 431 2403 propria
452 2325 576 2385 renitet
597 2325 643 2386 sui
666 2341 729 2384 eum
750 2341 806 2385 oon
828 2331 990 2404 receperunt
1004 2319 1052 2406 (l,
1069 2319 1133 2398 ll).
1147 2355 1189 2370 —
1202 2319 1278 2384 llaec

96 2432 195 2491 iterum
215 2433 241 2491 in
262 2430 356 2512 plures
369 2425 467 2494 'series
489 2434 607 2496 minores
629 2432 713 2495 dividi
735 2440 843 2513 potest:
925 2478 931 2488 .

163 2551 191 2620 i,
222 2552 370 2634 ingressus
391 2555 427 2617 ad
451 2558 534 2618 vitam
555 2557 713 2638 publicam,
741 2557 801 2617 sive
821 2553 947 2616 Christus
969 2554 1112 2632 occultus,
1145 2572 1211 2615 sese
1231 2554 1276 2615 iu-

173 2653 179 2660 ’
223 2667 327 2744 cipiens
349 2665 472 2728 revelare
493 2665 646 2741 (l-lll.).

161 2783 190 2846 2.
221 2786 360 2849 llevelatio
383 2787 508 2867 Christi,
530 2798 588 2852 tum
609 2787 683 2868 quod
703 2761 866 2872 personam,
889 2745 943 2848 luth
959 2787 1032 2866 quod
1046 2786 1168 2850 cilicium
1182 2787 1275 2849 attinet

219 2894 400 2978 (IV-Vl.)

159 3017 188 3080 3.
218 3017 346 3084 Christus
373 3021 550 3102 impugnatus
580 3055 616 3086 -.
647 3038 763 3101 pugnus
790 3019 952 3084 dialecticae
978 3021 1050 3084 inter
1078 3019 1215 3084 cursum
1245 3031 1273 3084 et

217 3097 340 3194 tuendos
362 3129 535 3204 (vu-xm

155 3250 185 3316 4.
218 3251 345 3332 Christus
367 3257 507 3334 rejectus,
530 3254 580 3318 sed
604 3253 659 3315 huo
679 3255 742 3335 ipso
760 3234 920 3335 capessens
933 3252 1055 3356 glorium
1072 3262 1155 3333 atque
1176 3254 1271 3315 victo-

216 3364 284 3430 rium
305 3361 496 3440 (xi-xit.).
872 3367 874 3371 '

464 3531 547 3591 Pars
571 3532 674 3590 altero
695 3514 812 3602 (xltl-
820 3523 900 3601 XX.)

89 3636 212 3698 continet
236 3637 378 3699 transitum
400 3635 502 3699 Christi
525 3638 559 3700 ad
580 3637 707 3718 Patrem,
739 3656 789 3698 seu
817 3627 1080 3698 consummationem
1106 3636 1198 3714 operis
1226 3636 1269 3695 sui

88 3746 117 3806 iu
140 3747 230 3812 venis.
980 3829 989 3840 .

158 3862 186 3928 i.
215 3864 281 3929 Idea
303 3865 383 3946 hujus
405 3871 557 3946 transitus,
586 3870 663 3949 large
690 3849 825 3950 explicata
847 3885 898 3948 per
924 3882 1066 3928 sermones
1096 3865 1204 3956 ultimos
1233 3864 1267 3928 ad

213 3975 365 4060 discipulos
384 3967 633 4064 lxiii-xvii).
1093 4049 1097 4060 Ι

150 4097 181 4160 2.
211 4097 351 4162 'l'ransitus
373 4103 434 4186 ipse
454 4121 505 4183 per
525 4104 682 4184 passionem
704 4109 732 4163 et
752 4100 982 4179 glorificationem
1003 4094 1265 4172 (XVIII-XX.)

213 4208 282 4291 (lap.
306 4209 386 4273 xxi.
409 4211 547 4296 appendix
574 4221 617 4274 est
637 4212 743 4295 absque
764 4228 836 4273 nexu
858 4211 1016 4273 necessario
1036 4227 1099 4271 cum
1122 4207 1266 4286 Evangelii

210 4329 384 4398 argumento.
502 4393 505 4401 ,

169 4426 281 4472 mesenen
298 4427 437 4472 montuoso.
1035 4425 1058 4490 4
