3034 4934
1218 353 1263 424 89

5 609 8 620 Α
93 533 231 593 Clemente
251 531 343 590 Ales.
368 531 479 605 (strunt.
501 529 518 590 l.
536 522 587 601 Sl:
603 523 742 600 Ἠιτῦλος
754 515 926 600 Peloriarca
947 523 1143 592 ἐπιπέλλων
1163 527 1246 609 φησί
1252 545 1261 588 t

94 640 208 701 Τεκνία
235 657 314 717 μου,
333 629 398 710 utic
424 634 525 700 πάλιν
556 633 660 700 ὠδίνω
686 633 714 697 λ.
743 634 798 712 (4,
824 635 885 710 19).
934 629 1153 698 ‘Tertullianus
1181 634 1259 711 (adu'.

91 747 217 808 Marcion.
234 747 260 806 l.
284 745 354 818 V.):
378 745 577 825 „Principalem
597 745 734 806 adversus
755 743 925 806 Jutlaismum
947 743 1091 824 epistolam
1113 759 1165 804 nos
1186 755 1264 821 quob.

90 874 142 936 que
163 855 341 932 conhtcmur,
364 873 434 935 quae
456 852 566 915 Cuiutas
587 853 698 915 uocati
719 885 759 900 -
780 847 907 932 ¹Denique
929 853 1061 913 rationum
1083 852 1260 928 internarum,

92 967 238 1041 historiae,
262 965 416 1040 doctrinae,
438 965 520 1041 styli,
542 972 617 1027 turta
639 966 681 1022 uis
701 972 764 1040 est,
786 969 815 1021 ut
836 969 916 1022 nemo
937 959 1057 1040 prudens
1078 968 1165 1039 usque
1180 958 1262 1022 hodie
1374 1005 1377 1012 »

91 1076 124 1137 tle
145 1075 279 1135 authentia
300 1074 471 1134 dubitaverit.
599 1088 601 1098 ·

170 1184 200 1244 2.
224 1187 414 1244 Momentum
436 1163 516 1262 hujus
539 1182 674 1263 epistolae
701 1201 759 1260 pro
788 1189 928 1259 temporo
952 1168 1123 1259 apostolico
1151 1183 1177 1242 in
1208 1179 1263 1242 hoc

91 1294 260 1375 potissimum
274 1300 356 1366 erut,¹
371 1291 446 1370 quod
469 1300 514 1352 cst
530 1295 608 1369 juxta
630 1292 740 1352 effatum
755 1289 913 1362 Tertulliani
936 1290 1108 1372 ,principalis
1129 1287 1263 1350 aduersus

94 1403 296 1464 ludaismum.“
337 1401 443 1480 Duplex
466 1403 565 1462 hucin
587 1398 919 1469 reenror‘decliuaudus
946 1407 1020 1459 crat:
1050 1394 1261 1474 saturantium,

90 1513 192 1590 tegern
221 1513 301 1573 etiarn
332 1511 457 1584 iidelihus
483 1513 622 1592 imponere
651 1510 816 1586 volentium
846 1487 874 1569 et
901 1525 994 1569 eorum
1024 1491 1262 1588 gentiliump'qui

89 1639 210 1684 omnem·
225 1621 295 1698 legis
325 1619 463 1681 ltosaicae
490 1621 719 1698 signitilcationem
752 1621 832 1680 etium
859 1627 920 1679 anto
948 1615 1085 1678 Christum
1117 1615 1261 1694 negatum,

90 1732 120 1792 S.
142 1731 339 1806 Paulus-pam
349 1761 352 1772 ·
362 1729 415 1790 hac
434 1709 720 1810 epistola-Ecclesiae
736 1728 887 1792 catholicae
901 1707 1106 1789 viam'meriitm
1118 1735 1146 1787 et
1161 1735 1262 1788 rectam
1340 1783 1343 1790 .

89 1838 225 1915 ostendit,
249 1838 314 1900 dum
336 1841 393 1919 pari
416 1842 526 1915 energia
548 1827 604 1900 uim
628 1832 901 1916 salutiieram·Leg'is
924 1845 989 1918 post
1009 1833 1145 1896 Christum
1167 1843 1262 1915 negat,

90 1959 118 2010 et
138 1950 191 2009 vim
213 1948 305 2026 Legis·
318 1951 438 2030 typicum
459 1957 487 2008 et
506 1947 730 2029 paedagogicam
752 1955 814 2007 unte
835 1943 974 2006 Christum
997 1945 1174 2006 demonstrat.
1209 1957 1215 1964 ·
1249 1981 1253 1988 ·

170 2055 198 2119 3.
221 2061 412 2120 Momentum
434 2062 615 2120 uniuersale
637 2057 718 2135 huius
740 2056 873 2137 epistolae
895 2057 977 2117 iaeile
1005 2057 1124 2116 cernitur
1149 2073 1187 2115 ex
1203 2054 1262 2116 -hi-

92 2172 173 2229 storia
194 2168 398 2242 ecclesiastica,
422 2170 567 2250 praecipue
589 2185 664 2229 suec.
688 2167 721 2229 v.
744 2165 883 2242 clxvi,
905 2174 1030 2245 tempore
1053 2159 1282 2243 Pelagianorum‘

92 2287 133 2338 et·
149 2276 384 2354 ileiormatorum,
415 2276 525 2357 quando
555 2279 682 2358 primaria
712 2277 745 2338 iis
774 2285 832 2336 erat
861 2274 897 2334 rie
926 2272 981 2334 lile
1006 2281 1034 2334 et
1060 2272 1262 2352 operibus...

90 2385 180 2448 llodie
207 2388 346 2450 eontentio
371 2375 477 2465 autiuuu
508 2385 544 2446 de
576 2386 640 2464 lege
666 2383 789 2448 llosaica
812 2392 844 2445 et
868 2382 923 2443 lide
950 2380 1017 2442 Jesu
1039 2377 1140 2442 Christi
1160 2379 1262 2458 utique

88 2495 192 2556 abolita
213 2503 267 2572 est,
290 2495 349 2577 puri
371 2495 454 2557 ruodo
475 2498 508 2557 lin
531 2497 566 2558 de
588 2496 641 2558 lide
662 2505 690 2557 et
710 2494 842 2575 operibus
864 2493 1016 2572 composita
1036 2491 1142 2551 contueri
1160 2497 1261 2570 potest.

88 2603 184 2665 Manet
203 2613 295 2666 tumen
317 2614 484 2666 momentum
504 2606 640 2686 epistolae
661 2604 818 2683 etquidem
841 2588 999 2688 maximum,
1026 2607 1121 2662 contra
1141 2615 1262 2660 errorem

88 2713 376 2795 principalem'noatri
398 2716 476 2790 aeui,
505 2703 561 2794 qui‘
578 2717 786 2776 rartomttumi
815 2720 862 2773 aut
888 2709 1139 2786 inutilhrentiomi
1156 2725 1263 2768 nomeu

89 2827 162 2902 gerit
183 2823 330 2898 et'docet,
364 2822 647 2902 quemvis‘homiuem
669 2821 785 2884 honeste
807 2822 941 2882 viventem
953 2813 1062 2880 eoram*
1080 2817 1143 2878 ileo
1157 2819 1263 2895 justum

88 2951 173 3008 esse,
195 2935 393 3012 quuscuraque
413 2935 451 2994 sit
472 2933 542 2994 iidei.
573 2967 613 2982 -
637 2929 805 2994 Momentum
820 2929 957 3012 epistolae
973 2945 1055 3010 porro
1076 2928 1263 3006 dogmaticum

90 3051 118 3101 et
139 3043 288 3122 practicurp
309 3059 360 3123 per
382 3059 417 3102 se
436 3051 518 3122 patet.
606 3129 609 3138 ἱ

293 3261 364 3344 ’4)
386 3271 414 3322 ⁰⁸
436 3263 481 3342 ὅ)
502 3267 594 3324 Duae
615 3265 764 3340 epistolae
786 3265 828 3321 art
848 3262 1034 3321 Corinnam.
1081 3305 1085 3312 .
1162 3229 1178 3298 '-

625 3425 653 3492 δ.
676 3425 727 3488 48.

271 3563 403 3626 Corinthi
421 3563 709 3640 comentariorum
727 3563 757 3623 et
774 3559 1083 3633 tuuusnptstularuru.

174 3702 200 3766 i.
221 3701 386 3782 Corinthus,
415 3703 527 3766 bimaris
557 3705 592 3766 ah
613 3703 726 3766 horatio
748 3702 837 3778 dicta,
869 3698 945 3779 quoti
971 3697 1060 3760 merliu
1073 3739 1076 3748 ·
1089 3699 1159 3759 iuter
1189 3711 1266 3756 maru

86 3815 216 3890 Aegeum
239 3821 267 3874 et
287 3812 397 3876 lonium
419 3817 472 3875 sita
501 3824 576 3892 erat,
607 3815 672 3876 olim
703 3821 784 3894 caput
812 3812 896 3872 totius
923 3807 1064 3886 Achajae,
1093 3824 1109 3866 u
1137 3791 1266 3866 llummio

86 3925 200 4002 penitus
231 3941 329 3984 eversa
355 3921 434 3999 (tto
455 3942 480 3984 a.
503 3923 605 4002 Chr),
644 3934 740 4004 postea
772 3941 788 3982 a
819 3921 895 3984 Jutio
924 3916 1046 4004 Caesare
1073 3935 1123 3997 per
1151 3917 1265 3978 colonus

86 4032 174 4094 italos
203 4035 367 4111 resuscitata
396 4035 472 4098 breui
502 4035 619 4114 priorem
649 4033 744 4094 liorem
775 4030 966 4111 recuperavit,
1006 4025 1121 4118 celebris
1149 4012 1275 4101 artibus,¹

86 4143 260 4220 eloquentia,
285 4144 411 4224 templis,
440 4143 490 4204 sed
512 4153 539 4204 et
561 4143 698 4204 dissoluto
720 4142 955 4220 uiuendigenere
977 4123 1210 4222 (ὀιορινθιαῖειν
1223 4159 1267 4190 =

85 4250 248 4325 lascivere).
265 4275 317 4332 ‘ff‘
344 4249 443 4312 Paulus
473 4253 550 4312 annu'
565 4249 614 4313 52.
646 4251 762 4312 Athenis
794 4252 850 4313 huc
878 4250 953 4309 uenit
980 4255 1008 4308 et
1028 4243 1090 4328 plus
1106 4247 1182 4318 'anuo
1204 4259 1267 4302 cum

86 4359 202 4421 dimidio
224 4369 346 4422 numius
377 4369 430 4421 est.
473 4359 646 4424 Praedictuit
673 4363 788 4442 primum
813 4363 843 4421 iu
872 4359 1045 4436 synagoga,
1073 4353 1124 4416 seul
1153 4349 1265 4415 ludaeis
