3070 4940
337 521 347 532 .
448 467 561 531 ditatam
582 467 735 531 manarit.
777 465 889 543 Quota
909 473 1145 547 maronianae
1171 465 1247 530 mois
1267 482 1341 548 opos
1367 464 1456 544 inerit,

447 587 483 639 a·
496 557 678 659 offaniae
697 576 808 640 urae
823 578 915 642 om
934 577 1089 652 aanor,
1117 594 1134 636 ο
1160 575 1280 641 murm
1301 574 1458 641 mommo

445 686 564 748 editione
590 686 684 765 colligi
712 695 821 768 patera
854 689 880 749 ri
910 689 991 765 omas
1018 684 1162 764 morai
1189 695 1382 763 argumentum
1411 704 1458 765 per

444 799 589 858 trereoim
609 795 783 857 iniondihoia
803 803 965 875 musore,
986 795 1074 858 iones
1094 803 1186 859 nasta
1205 794 1347 875 prodirent
1363 793 1457 856 Eran-

446 902 535 981 geist
567 935 605 950 -
633 903 890 982 Protoorangeiiom
919 909 1087 970 traditione
1115 901 1297 984 propagatam
1319 905 1457 964 maeror

440 1005 567 1089 invenit,
597 1029 634 1073 ex
660 1015 742 1090 oojoe
764 1022 859 1076 mente
881 1014 1035 1078 silvatoris
1055 1012 1169 1082 historia
1191 1019 1320 1092 tanaim
1340 1030 1455 1094 pensum

444 1137 497 1199 pro
525 1119 625 1182 sohola
654 1120 691 1182 de
718 1139 769 1184 oro
796 1122 830 1184 ad
861 1140 894 1184 os
914 1124 1045 1187 manarit.
1068 1157 1107 1172 -·
1128 1123 1184 1186 Art
1202 1124 1229 1184 in
1250 1129 1369 1201 nonque
1391 1139 1456 1182 oasu

443 1229 572 1309 Apostoli
601 1239 629 1290 et
657 1231 847 1308 evangelistae
875 1231 1060 1310 ludimagistri
1090 1233 1286 1312 potiusquam
1307 1229 1454 1307 „homines

443 1337 546 1418 Spiritu
567 1357 592 1402 s.
615 1340 760 1420 inspiratii
781 1340 891 1404 dioondi
913 1340 1011 1407 ierant.

250 1519 258 1528 .
359 1443 389 1505 2.
411 1445 507 1508 Altera
528 1445 690 1528 hypothesis
712 1458 757 1510 est
777 1465 831 1526 ea,
859 1467 942 1530 qoam
962 1469 989 1514 s.
1009 1451 1186 1528 ougastinm
1215 1449 1319 1510 invexit
1349 1457 1377 1508 et
1399 1445 1454 1508 Ca-

277 1551 375 1614 thoiioi
397 1554 539 1638 praeferre
559 1557 667 1632 salonit
695 1556 819 1620 hiemem
840 1560 947 1650 eoiiiosi
967 1558 1058 1622 fuisse
1085 1561 1289 1640 epitomatorem
1311 1556 1454 1638 Matthaei,
1500 1483 1505 1744 4

277 1669 307 1722 et
328 1659 430 1723 horam
451 1665 593 1752 naimone
614 1682 685 1745 opas
705 1676 771 1728 ante
790 1665 887 1730 oeulos
909 1667 1047 1733 hahuisse.
1086 1666 1122 1728 Bt
1141 1684 1237 1730 resera
1257 1665 1312 1728 hoo
1333 1667 1453 1728 rationa-

156 1817 162 1824 .
277 1764 331 1832 tio
353 1771 461 1834 ridetur
481 1781 509 1834 et
529 1776 659 1854 inprimis
671 1783 764 1856 apirian
785 1777 820 1840 ad
840 1780 1052 1844 consonantiam
1072 1775 1286 1856 Evangeliorom
1308 1775 1453 1838 declaran-

276 1878 348 1944 dam,
391 1881 586 1961 Differentiae,
607 1884 652 1947 obi
672 1894 753 1963 sont,
775 1905 811 1948 ax
831 1886 942 1953 diversa
962 1888 1081 1954 artioris
1102 1903 1241 1967 persona,
1272 1901 1308 1946 on
1338 1884 1452 1946 diverso

275 1989 415 2071 oonsilio,
437 2011 474 2053 ex
494 1992 611 2056 dirersis
632 1995 784 2058 ieetomhua
806 2005 972 2086 repetuntur
990 2035 1030 2048 »-
1048 1995 1105 2061 seo
1126 1995 1254 2060 omnihus
1269 1994 1452 2056 difficultati-

274 2100 328 2161 hus
348 2101 479 2162 sufficere
499 2121 551 2164 neo
572 2103 812 2186 istahypothesis
834 2115 933 2187 petest.
976 2106 1045 2168 Sunt
1064 2107 1135 2168 enim
1157 2114 1185 2168 et
1214 2103 1285 2167 aliae
1314 2103 1451 2165 differen-

274 2211 340 2288 tiae,
363 2228 435 2290 qaae
456 2230 493 2272 ex
512 2215 604 2274 nausis
625 2216 770 2277 nominatis
792 2215 907 2281 deriran
928 2224 1135 2296 nonpossint,
1157 2232 1182 2278 e.
1201 2232 1245 2292 gr.
1269 2215 1449 2290 omissiones,

273 2335 343 2397 quae
373 2337 436 2380 eom
465 2321 585 2382 oonsilio
608 2339 778 2406 mqoaqoam
807 2323 975 2402 cohaerent3
1005 2325 1171 2390 narrationes
1199 2325 1289 2386 minus
1311 2322 1403 2383 olarae
1422 2333 1450 2383 et

272 2431 387 2489 exoniae
407 2439 462 2495 eto.
1089 2509 1096 2520 ι

314 2544 405 2600 Noto.
436 2538 526 2618 Huius
549 2540 716 2624 hypothesis
736 2542 885 2606 diiiioohas
910 2547 937 2604 in
958 2543 1153 2607 omissionibus
1175 2544 1353 2624 potissimum
1374 2552 1405 2603 et
1423 2546 1449 2604 in

436 2650 564 2713 deteriori
584 2652 710 2715 armandi
731 2653 813 2715 morio
833 2654 997 2734 posterioris
1018 2641 1209 2731 evangelistae
1229 2661 1365 2714 versatur.
1395 2652 1449 2713 Cor

339 2759 344 2772 '
396 2797 398 2805 ,
435 2761 507 2823 enim
528 2763 602 2840 iste,
624 2763 672 2842 qni
693 2773 863 2828 caeterorum
880 2761 1029 2840 Evangelia
1051 2771 1116 2832 ante
1136 2761 1234 2824 aomos
1256 2760 1376 2830 hahebat
1398 2763 1447 2822 iis-

434 2890 488 2951 que
519 2872 660 2950 utebatur,
691 2873 818 2937 nonnulla
846 2875 977 2941 omittere
1002 2880 1126 2952 poterat,
1153 2889 1226 2951 quaa
1250 2870 1295 2932 iini
1316 2887 1371 2930 suo
1396 2889 1444 2932 oon

435 2982 525 3042 solum
546 2999 600 3042 non
621 2985 758 3044 anemoria
777 2981 829 3045 seo
850 2984 940 3062 potius
958 2982 1118 3062 gratissima
1131 2999 1197 3045 asse
1211 2979 1368 3056 dehebant?
1394 2979 1442 3042 Cor

338 3133 341 3140 -
434 3090 544 3152 demum
566 3093 685 3152 aratoris
708 3093 835 3168 intersit,
857 3093 969 3169 minori,
999 3111 1081 3172 quara
1101 3100 1270 3156 caeterorum
1292 3099 1352 3167 est,
1374 3109 1447 3170 per-

433 3203 579 3282 spionitete
599 3209 627 3260 ei
656 3202 811 3278 integritate
840 3199 987 3265 historiam
1014 3200 1133 3265 msere?
1154 3234 1196 3272 -ς
1223 3201 1255 3262 Si
1280 3201 1365 3282 igitur
1395 3199 1448 3260 hoo

342 3335 344 3340 ·
433 3312 539 3371 reione
560 3307 683 3370 Marsum
704 3308 842 3373 Matthaeo
862 3329 1070 3394 eomparamos,
1091 3309 1242 3378 diiioohas
1263 3326 1366 3391 magna
1389 3325 1447 3370 non

433 3401 504 3495 est3¹
526 3421 626 3482 etenim
653 3421 750 3482 mirum
778 3429 908 3500 qnantum
942 3423 1018 3496 oiroa
1048 3427 1296 3496 argumentemini
1324 3419 1448 3480 formam

432 3530 501 3590 inter
520 3547 553 3590 se
574 3531 745 3594 convenirent.
767 3529 856 3598 Etiam
877 3532 1060 3596 omissionum
1082 3533 1202 3594 maxima
1220 3546 1284 3618 pars
1306 3548 1343 3590 en
1363 3531 1447 3608 ejas-

321 3667 323 3674 *
432 3637 496 3699 dem
517 3640 634 3702 oonsilio
654 3649 681 3703 et
701 3623 900 3722 praematismo
920 3641 993 3704 solvi
1019 3649 1112 3722 potest
1119 3661 1130 3718 ;
1158 3659 1183 3702 e.
1213 3659 1256 3726 gr.
1287 3640 1313 3700 si
1340 3643 1448 3702 omittit

431 3748 475 3808 vei
502 3747 611 3810 breviat
625 3749 739 3814 'rorrltos
767 3767 927 3828 sermones,
960 3752 1008 3828 qui
1035 3748 1094 3812 fors
1125 3750 1229 3810 nonnisi
1250 3747 1285 3810 ad
1300 3747 1446 3826 iudaicam

429 3857 475 3916 vel
494 3856 671 3920 christianam
693 3859 849 3922 Ecclesiam
876 3863 1016 3939 spectant3
1045 3861 1070 3919 si
1099 3858 1228 3920 nonnulla
1254 3859 1340 3918 missa
1361 3856 1446 3933 iacit,

430 3981 502 4042 quae
522 3965 632 4046 Petrum
652 3978 765 4047 angunt
785 3978 840 4032 eto.
883 3969 936 4030 Ast
962 3986 1012 4031 our
1031 3970 1132 4033 omittit
1151 3969 1291 4044 historiam
1314 3967 1350 4030 de
1371 3987 1447 4030 oen-

430 4076 558 4137 tsriooe?
586 4115 625 4126 -
654 4078 742 4158 Major
770 4079 919 4142 difficultas
944 4081 1018 4143 tinea
1044 4078 1146 4152 Looam
1174 4079 1306 4156 habaiur3
1335 4082 1443 4142 etenim

431 4187 545 4248 omissio
571 4190 644 4251 inter
676 4191 792 4270 primam
809 4197 847 4256 ‚et
877 4188 1028 4252 secundom
1057 4190 1233 4266 chenonem,
1263 4197 1292 4253 et
1320 4191 1444 4252 narratio

303 4333 309 4344 -
428 4295 538 4376 minima
558 4297 717 4361 maotaoe
737 4299 831 4362 nitima
845 4313 932 4367 torna
947 4306 1000 4370 tit·
1022 4299 1170 4365 emmim
1182 4298 1440 4378 virrjastiiioantur.
