3070 4940
608 349 642 402 n
1276 298 1296 366 7

117 445 233 521 verbum
256 475 272 518 a
292 475 387 520 sensu.
425 457 544 520 Proinde
566 456 645 518 ideas
666 459 864 537 cujuscumque
884 459 945 523 lllrrl
967 459 1103 540 explicare
1123 460 1293 538 conabimur,

116 588 218 630 nexum
241 576 419 646 mutuamque
439 566 598 627 relationem
621 569 691 628 inter
710 567 835 644 singulm
857 567 1053 644 ostendemus,
1075 577 1103 629 et
1121 570 1182 646 sic,
1205 587 1295 648 quan-

115 689 176 740 tum
198 677 256 738 lieri
280 685 390 758 potest,
420 677 565 752 lmam'nem
588 675 677 735 virum
699 677 846 736 universae
867 677 1045 738 revelationis
1070 676 1106 736 N.
1127 675 1156 738 T.
1189 695 1293 740 couse-

117 808 242 869 quemur.
286 785 346 847 llas
366 786 476 845 demum
498 786 602 844 ratione
623 786 842 864 perspiciemus,
865 803 880 844 a
901 785 990 848 divina
1011 785 1180 864 providentia
1202 789 1294 848 omnia
1398 826 1402 834 ·

115 917 170 961 suo
192 907 335 977 temporo,
357 895 420 955 loco
442 902 470 954 et
491 894 585 954 ordine
606 885 815 974 sapientissime
836 911 901 954 esse
921 894 1058 976 disposita
1080 903 1107 955 et
1127 896 1293 989 copiosissi-

1 1037 9 1046 ·
115 1027 189 1069 mam
210 1024 266 1067 non
289 1004 370 1065 modo
391 1004 599 1084 persuasionem
621 1003 672 1064 sed
692 1011 720 1062 et
741 1003 946 1082 intelligentiam
975 1021 1000 1063 s.
1023 1002 1180 1083 scripturae
1200 1005 1294 1066 luera-

114 1119 216 1179 bimur.

200 1250 229 1311 3.
253 1249 297 1312 Ex
318 1267 430 1310 munere
454 1227 599 1338 descripto
616 1247 821 1310 introductionis
851 1248 975 1327 ejusdem
1003 1253 1184 1312 dimisionem
1215 1249 1293 1312 deri-

117 1379 180 1420 vare
201 1379 358 1440 possumus.
403 1356 550 1443 Quamdiu⁸
566 1357 617 1418 luit
638 1341 846 1420 mera'historia
868 1357 997 1421 librorum
1020 1377 1178 1434 sacrorum,
1207 1359 1291 1420 dividi

113 1469 226 1532 solebat
246 1473 271 1529 io
293 1478 397 1549 partem
414 1472 593 1558 peneralem
615 1475 642 1526 et
662 1471 846 1545 specialem,
876 1481 991 1546 quarum
1020 1470 1146 1549 priores
1167 1471 1292 1532 matins

113 1579 179 1656 hat,
212 1594 283 1657 quae
312 1577 439 1656 omnibus
469 1575 544 1636 libris
574 1594 599 1636 s.
628 1583 692 1637 sunt
722 1578 891 1653 communia,
922 1595 947 1637 e.
977 1595 1021 1655 gr.
1050 1579 1227 1657 quaestiones
1254 1577 1291 1640 de

113 1705 240 1762 canone,
271 1685 306 1746 de
327 1687 537 1747 conservatione
559 1691 652 1745 textus
674 1695 728 1747 etc.
740 1705 749 1762 3
780 1689 917 1767 posterior
946 1696 1036 1747 autem
1058 1705 1108 1763 ea,
1139 1703 1210 1767 quae
1230 1689 1291 1748 sin-

114 1794 186 1872 gulis
216 1794 293 1854 libris
321 1803 385 1854 sunt
411 1793 576 1874 peculiaria,
603 1794 689 1854 'veluti
724 1803 836 1872 auctor,
870 1803 997 1876 tempus,
1030 1797 1142 1856 occasio
1169 1804 1226 1856 etc.
1250 1829 1290 1842 -
1382 1855 1384 1858 .

113 1902 222 1980 Nobis,
245 1893 349 1982 qu‘ibus'
365 1887 496 1995 reuelatio
518 1908 544 1966 in
566 1905 641 1967 libris
656 1907 744 1966 sacris
759 1904 869 1966 condita
883 1911 926 1965 est
940 1905 1052 1964 Summa
1066 1922 1169 1982 rerum,
1191 1903 1290 1964 divisio

112 2013 163 2073 alia
192 2014 302 2092 placere
329 2032 382 2074 non
412 2023 521 2093 potest,
556 2019 637 2094 quum
667 2034 737 2094 quae
765 2015 795 2075 lit
822 2013 972 2075 secundum
1002 2001 1078 2093 ipsas
1106 2031 1129 2076 s.
1159 2012 1288 2073 librorum

112 2120 229 2182 classes.
958 2131 961 2140 “
1247 2126 1251 2134 “

123 2327 126 2332 ,
151 2256 268 2318 Proinde
280 2265 373 2334 parte
392 2263 495 2336 prima
516 2260 691 2321 tractabimus
713 2262 905 2337 maceratio,

279 2371 380 2428 altera
401 2369 502 2430 Actes
522 2373 735 2445 apostoloram
757 2377 785 2428 et
805 2371 982 2446 Epistulae,

191 2547 194 2554 Ι
275 2481 369 2538 tertia
389 2478 616 2558 Apocalypsin.

155 2581 157 2590 '
194 2596 532 2676 Quaestiones,generales
547 2606 585 2660 dc
600 2605 731 2661 Oenone
751 2607 778 2688 et
792 2605 829 2659 de
850 2602 980 2660 distcma
1001 2605 1109 2660 tectas
1130 2595 1164 2656 ad
1180 2595 1292 2676 alcen,

85 2755 88 2760 .
112 2706 291 2766 remittemus.

650 2863 732 2990 t...
836 2933 837 2936 Ν
949 2879 951 2883 ’

388 3091 622 3159 mtrrrmttomr
639 3071 806 3158 utttttm'at
822 3095 1005 3156 moncatum.
1093 3053 1095 3058 Ι

193 3263 218 3329 l.
241 3259 382 3342 Quatenrm
405 3242 601 3348 est'lrr'stcria
623 3243 771 3328 librorum
790 3282 954 3336 sacrorum
970 3263 1082 3323 multuin
1101 3259 1210 3344 confert
1227 3269 1282 3321 tum

111 3383 151 3436 ed
169 3387 284 3438 rectam
305 3394 411 3438 eoram
432 3379 678 3438 aestimationem
700 3383 757 3436 tum
787 3373 821 3435 ad
845 3373 963 3435 solidam
984 3363 1281 3462 interpretationem.
1316 3376 1321 3383 '

126 3518 128 3524 ’
169 3527 195 3569 a.
229 3511 392 3575 Aestimatio
419 3530 443 3572 s.
468 3513 625 3594 Scripturas
654 3512 734 3574 datur
766 3515 926 3574 nataralia
954 3518 983 3570 et
1013 3509 1281 3586 supernaturalia,

229 3623 377 3682 trieterica
399 3629 426 3682 et
446 3628 629 3696 dramatico.
672 3622 791 3685 Prdium
810 3623 960 3682 nmaralc
972 3617 1040 3679 'sive
1060 3617 1207 3678 humanum
1228 3615 1282 3676 do-

230 3739 421 3792 cumentorum
444 3733 471 3792 in
492 3735 526 3793 eo
547 3734 689 3808 consistit,
720 3739 749 3792 ut
778 3731 833 3792 sint
859 3730 993 3807 genuina,
1025 3725 1080 3790 ude
1106 3724 1207 3814 digua,
1237 3726 1282 3784 in-

229 3851 374 3920 corrupta3
397 3841 433 3901 de
452 3860 510 3920 quc
529 3842 694 3906 introductio
714 3857 767 3911 nos
789 3841 959 3902 certissimos
981 3823 1140 3906 reddit.·-'
1160 3834 1281 3916 Pretium

229 3951 364 4010 moutam
385 3951 514 4012 consistit
534 3953 562 4013 in
582 3948 769 4031 inspiratione.
813 3949 875 4009 Jam
905 3946 992 4010 hasce
1011 3946 1159 4024 scripturas
1180 3961 1279 4004 omues

229 4063 257 4114 et
276 4057 351 4117 solas
373 4059 407 4120 ab
428 4059 557 4122 Ecclesia
577 4077 717 4140 numnam
738 4054 800 4123 non
813 4067 842 4138 ut
867 4057 979 4120 oracula
1001 4055 1117 4136 Spiritus
1145 4071 1168 4114 s.
1191 4050 1280 4112 inisse

227 4166 435 4247 consideratas,
458 4173 616 4234 testimonia
638 4173 664 4232 in
685 4170 886 4237 introductione
906 4165 1050 4242 reseranda
1077 4161 1186 4230 chuade
1214 4178 1279 4225 ma·

225 4275 401 4340 mtesubum.
774 4286 776 4290 '
