3070 4940
138 556 141 560 ·
239 526 333 601 Novi
352 526 579 606 Testamenti
603 530 713 604 libros
743 557 888 605 summa
915 558 998 604 cum
1022 531 1130 604 laude
1158 532 1277 604 fuerat
1303 532 1416 606 inter-

237 655 413 743 pretatus.
441 643 687 745 Sagacissimo
716 649 813 722 enim
838 649 983 749 ingenio
1009 648 1311 748 vastissimaeque
1332 673 1414 722 eru-

240 761 366 834 ditioni
393 763 587 836 candidam
612 789 759 862 prorsus
788 765 826 840 in
842 764 1003 840 Matrem
1017 765 1222 839 Ecclesiam
1243 767 1412 865 junxerat

237 878 424 978 pietatem.
467 879 568 953 Inter
596 883 732 981 scripta
760 884 805 957 ab
834 882 964 956 eodem
989 881 1116 955 relicta
1142 906 1231 980 prae
1258 882 1411 956 caeteris

239 996 418 1070 excellunt
446 991 705 1073 Commentarii
720 1002 769 1102 in
796 997 983 1074 nonnullos
1012 997 1056 1071 N.
1085 996 1126 1073 T.
1152 998 1281 1083 librm,
1318 1025 1350 1073 e.
1377 1028 1412 1100 g.

237 1113 275 1184 in
291 1111 541 1198 Matthaeum,
569 1113 750 1190 Joannem
779 1128 816 1191 et
843 1115 1020 1216 quasdam
1048 1114 1120 1186 divi
1146 1111 1252 1189 Pauli
1279 1116 1414 1216 episto-

238 1231 312 1313 las,
341 1229 401 1329 qui
428 1255 554 1304 omnes
582 1234 810 1330 pedetentim
837 1236 875 1308 in
900 1234 1020 1307 lucem
1045 1231 1250 1330 prodibunt.
1305 1231 1414 1308 Com·

237 1346 426 1420 menteriis
457 1372 541 1422 vero
568 1351 835 1448 praemittimus
850 1352 945 1424 hanc
962 1352 1109 1423 brevem
1126 1349 1164 1423 in
1180 1348 1225 1422 N.
1244 1347 1285 1432 T.
1303 1351 1413 1426 libros

238 1463 566 1549 Introducticaaa,
614 1492 723 1566 quam
761 1513 803 1523 -
842 1469 872 1541 si
912 1492 1114 1566 perpaucas
1163 1468 1413 1542 annotationes

238 1580 399 1678 excipias
430 1583 700 1680 --scripserat
734 1584 866 1668 latine,
891 1584 1072 1684 ,quoniam
1113 1585 1184 1656 ista
1223 1582 1413 1685 disciplina

237 1696 443 1796 theologica
469 1698 663 1774 novissimo
691 1712 857 1800 tempore
885 1702 996 1776 latine
1024 1711 1102 1774 erat
1130 1701 1353 1798 exponenda.

240 1875 243 1885 .
317 1812 427 1901 Hunc
462 1813 592 1890 librum
630 1816 851 1918 Theologiae
896 1843 1045 1920 operam
1086 1801 1299 1892 navantibus
1336 1819 1411 1892 sore

239 1931 443 2032 perutilem,
471 1931 620 2006 minime
648 1935 866 2036 dubitamus.
890 1933 1052 2008 Etenim
1080 1934 1122 2005 cl.
1152 1944 1276 2036 auctor
1301 1934 1411 2036 intro-

238 2046 436 2132 ductionis,
481 2050 807 2146 quamsecurium
841 2050 1061 2126 revelationis
1095 2049 1135 2154 t'a
1165 2049 1277 2124 -socris
1312 2049 1411 2124 libris

238 2165 432 2264 depositam
458 2165 605 2251 definit,
634 2168 769 2268 duplex
795 2169 953 2246 officium
979 2168 1066 2242 licet
1093 2167 1242 2241 summis
1269 2179 1411 2240 tantum

236 2282 465 2361 lineamentis
494 2283 716 2383 descriptum
743 2285 914 2388 singulari
940 2284 1200 2384 perspicuitate
1225 2296 1262 2358 et
1280 2283 1412 2383 insigni

223 2389 384 2500 'prorsus
399 2412 599 2499 conspectu
612 2402 806 2478 lectoribus
824 2403 869 2481 ob
888 2402 1009 2482 oculos
1027 2401 1139 2499 ponit.
1168 2395 1410 2480 Quaestiones

235 2515 610 2604 historico-criticae,
643 2513 773 2621 quibus
801 2523 886 2596 solis
916 2519 1113 2594 enchiridia
1138 2519 1410 2621 introductionis

234 2638 421 2736 hucusque
437 2638 728 2739 occupabantur,
755 2664 828 2713 non
849 2633 1153 2737 rem'primariam
1178 2636 1409 2721 constituunt,

236 2755 305 2829 sed
333 2755 595 2853 „praeambula
621 2768 763 2832 tantum
790 2757 837 2830 ad
864 2780 1059 2838 summam,
1096 2778 1188 2854 quae
1226 2765 1282 2828 est
1307 2779 1410 2828 reve-

234 2871 321 2947 latio
348 2871 480 2968 ipsa-e
503 2872 690 2973 principiis
717 2898 832 2975 usque
861 2874 909 2946 ad
942 2869 1408 2946 consummationemuexu

234 2988 389 3071 mirabili
416 3012 498 3062 sese
528 2990 716 3075 evolvens,
751 2991 872 3090 prouti
906 2991 943 3062 in
970 2987 1082 3062 sacris
1109 2986 1266 3062 fontibus
1296 2989 1410 3070 conti-
1469 2977 1473 2988 ’

234 3110 363 3183 netur“
393 3106 458 3200 (cf.
487 3107 552 3194 §§.
583 3113 617 3181 2.
647 3113 681 3184 3.
711 3115 778 3204 4.).
831 3106 914 3180 Ηοο
940 3091 1212 3189 introductionis
1240 3107 1409 3208 gtavissi-

234 3248 335 3299 mum
361 3234 418 3297 est
450 3236 674 3301 momentum
710 3238 749 3298 et
782 3223 942 3299 officium
973 3222 1080 3322 longe
1113 3215 1302 3325 princepe,
1339 3251 1408 3328 quo

233 3340 340 3416 ideae
355 3339 393 3413 in
408 3341 519 3422 sacris
535 3342 634 3418 libris
654 3343 845 3417 contentae
859 3341 1082 3439 explicantur
1100 3350 1137 3412 et
1157 3364 1186 3414 s.
1200 3335 1408 3445 Scripturae

233 3459 388 3534 lectores
425 3458 640 3550 edocentur,
675 3459 834 3562 singulos
862 3458 907 3532 N.
930 3457 976 3532 Τ.
1013 3457 1139 3540 libros,
1172 3442 1408 3560 singulasque

235 3602 359 3651 eorum
385 3587 509 3674 partes
538 3577 662 3650 stricto
689 3577 784 3650 inter
811 3601 893 3650 sese
915 3576 1110 3649 cohaerere
1127 3600 1232 3659 nexu,
1260 3577 1408 3676 mirum-

234 3720 303 3795 que
330 3693 368 3767 in
394 3693 544 3769 modum
571 3704 719 3770 cunctos
747 3693 796 3767 ad
822 3719 933 3768 unum
961 3692 1179 3768 contendere
1207 3717 1368 3792 scopum.

311 3811 435 3887 Donet
448 3809 644 3899 Dominus,
662 3822 703 3886 ut
718 3812 788 3889 isto
805 3812 896 3886 duce
912 3811 1059 3912 plurimi
1075 3811 1227 3890 feliciter
1244 3815 1406 3889 utantur!

336 3968 520 4055 Brixinae,
547 3991 673 4046 mense
700 3970 797 4046 Julio
827 3977 938 4047 1868.

931 4187 974 4264 J.
991 4187 1027 4264 0.
1054 4187 1352 4280 Mittemutsner,

1005 4302 1045 4356 ss.
1064 4302 1157 4354 rheu.
1176 4304 1282 4386 uetur.
1305 4360 1308 4371 ,
