3070 4940
309 315 352 382 Μ
472 333 475 340 ι

208 493 211 500 ’
309 503 413 567 scupus
432 441 576 559 pentibus
597 486 685 563 magis
708 485 843 559 convenit,
870 485 968 566 quippe
989 501 1059 564 qnue
1078 482 1144 544 nibil
1165 486 1365 583 stnpematurale
1383 505 1460 564 agnu-

306 597 434 659 scebant.
449 596 541 672 ·Qnod
562 604 651 666 eutem
673 595 746 656 iactu
768 597 859 674 magis
880 611 961 674 qoam
976 594 1129 658 doctrinam
1146 595 1241 671 refert,
1263 595 1318 658 boc
1330 601 1459 658 Romanis

306 725 372 788 prae
402 707 520 796 coeteris
552 706 719 768 conveniens
754 712 831 780 emt,
873 713 968 786 utpote
983 795 986 806 Ι
999 704 1102 787 populo
1138 704 1270 808 operibus
1304 724 1459 787 summopere

305 819 433 898 potenti..
550 871 570 894 j.
1329 809 1330 814 ’

350 1041 441 1098 Nota.
472 1034 584 1098 Minime
606 1025 798 1114 casualiquo,
820 1035 872 1096 sed
893 1035 982 1095 divina
1003 1035 1083 1116 plune
1104 1033 1275 1114 providentia
1296 1035 1395 1098 iactum
1415 1043 1457 1106 est

443 1147 499 1206 'ut
521 1146 592 1206 istud
613 1144 797 1224 Evangeliunr
819 1143 1064 1225 huncce'occupct
1093 1145 1183 1205 locum
1204 1153 1286 1222 atque
1311 1143 1378 1205 bunc
1405 1159 1458 1222 prae

469 1273 500 1315 se
522 1255 591 1315 ierat
612 1254 739 1316 formam.
761 1245 870 1315 Exinde
891 1255 963 1314 eninr
979 1253 1155 1315 revelationis
1171 1252 1282 1314 historia
1295 1262 1323 1316 et
1336 1253 1457 1329 religionis

469 1349 632 1425 christianae
666 1364 917 1426 fundatiumirum
944 1373 1073 1443 mentum
1103 1362 1227 1423 fulcitur*
1265 1361 1352 1422 Elium
1375 1359 1457 1420 Even-

467 1469 582 1552 gelium,
604 1484 658 1534 tam
676 1489 725 1536 ore
747 1474 886 1550 traditum,
910 1491 991 1553 qoam
1009 1475 1114 1553 scripto
1129 1481 1291 1548 exaratump
1300 1474 1363 1549 jure
1377 1472 1456 1530 merito

466 1585 582 1664 primunr
609 1571 723 1645 ludaeis
744 1617 785 1630 -
806 1583 910 1665 popolo
938 1585 1027 1647 electo
1048 1591 1205 1664 —postea
1236 1582 1362 1656 demum,
1389 1595 1456 1657 quun

467 1693 618 1772 Spnagoga
639 1693 666 1754 id
689 1702 864 1769 recusasset,
886 1693 1014 1772 gentibus
1036 1693 1087 1754 luit
1107 1693 1302 1756 annuntiatum.
1335 1685 1456 1765 Quemad-

466 1803 579 1865 modum
600 1821 667 1864 uero
687 1812 751 1864 tuno
772 1805 903 1885 temporis
925 1809 1023 1864 Romu
1040 1803 1169 1876 pcmltlc'c
1200 1803 1285 1862 totius
1306 1799 1387 1860 Orbis
1412 1805 1456 1856 crat

406 1911 410 1918 ’
466 1912 642 1993 metropolis,
664 1915 700 1974 itu
722 1931 830 1994 quoque
852 1917 1012 1974 Ecclesiae
1033 1917 1193 1978 Romanae
1220 1919 1295 1986 erut,
1326 1923 1456 1990 „pracesse

468 2021 574 2084 foederi
594 2022 765 2100 stanuum,
794 2026 900 2084 cunctis
922 2023 1053 2102 dominari
1074 2023 1200 2083 ecclesiis
1221 2037 1256 2084 ex
1277 2020 1416 2098 gentibus,
1436 2024 1455 2076 ct

464 2147 514 2192 co¹
529 2133 591 2211 ipsu
616 2137 823 2211 principalem
851 2151 917 2193 esse
938 2129 1098 2193 Ecclesiam
1123 2134 1205 2192 lolius
1233 2132 1310 2193 orbis
1333 2139 1453 2191 terracon.

380 2217 384 2226 ’
464 2238 592 2320 0purtult
612 2242 711 2318 igitur,
734 2251 763 2302 ut
786 2241 983 2323 Apostolorum
1003 2247 1152 2320 princepe
1173 2239 1268 2302 Petrus
1290 2235 1452 2317 Euangeliou

465 2351 492 2409 in
516 2353 599 2411 Urbe
621 2350 809 2432 praediceret,
838 2353 881 2413 cui
903 2349 1011 2412 llurcus
1041 2350 1128 2411 adluit
1149 2351 1176 2410 in
1199 2351 1351 2410 ministeriu
1378 2346 1453 2406 soclus

407 2487 411 2496 .
462 2465 491 2518 et
519 2457 665 2522 mediator.
708 2459 814 2521 Exinde
842 2469 936 2541 patet,
967 2461 1155 2522 necessarium
1180 2459 1289 2536 luisse,
1319 2467 1349 2519 ut
1376 2456 1452 2517 Evan-

339 2607 342 2616 ·
462 2557 584 2647 bellum,
607 2577 662 2649 quo
675 2569 784 2630 lucilius
800 2569 827 2631 id
843 2579 971 2652 caperent
985 2589 1018 2631 ac
1032 2587 1082 2652 per
1096 2569 1123 2631 id
1140 2578 1310 2652 caperentur,
1336 2572 1451 2632 etnutcc
1487 2557 1488 2596 ¹

463 2683 667 2742 christianum
695 2689 724 2741 et
752 2682 779 2740 iu
810 2689 886 2742 certo
915 2699 999 2742 sensu
1030 2699 1193 2743 romanum
1221 2682 1344 2742 indueret
1370 2677 1448 2739 clarc

461 2802 576 2862 uterem.
621 2789 753 2860 Gentibus
782 2799 873 2853 autern
894 2809 960 2872 prae
982 2793 1098 2854 caeteris
1119 2793 1211 2872 ipsum
1234 2791 1374 2852 doctrinae
1394 2785 1452 2848 cin

458 2902 566 2961 ¹stianue
585 2902 837 2981 fundumentum,
860 2919 950 2962 rerum
972 2899 1213 2981 supernaturalium
1240 2909 1269 2961 et
1295 2893 1453 2962 revelationis

462 3007 524 3070 idea
552 3011 669 3088 ejusque
697 3027 830 3089 organum
852 3037 895 3078 ε
919 3014 1014 3072 ncces
1041 3013 1149 3090 penitus
1171 3021 1229 3073 erat
1250 3014 1373 3090 ignote·
1398 3006 1452 3067 llinc

462 3119 609 3198 praecipuo
628 3121 680 3179 ista
701 3118 764 3180 idea
786 3120 837 3181 init
857 3119 1018 3197 excitanda,
1042 3139 1093 3201 qua
1116 3107 1254 3206 Gbribtum
1275 3131 1401 3202 tanquam
1415 3114 1452 3178 bd

392 3241 403 3254 ··
460 3225 576 3304 Filium,
607 3245 690 3309 supra
712 3246 820 3290 omnem
842 3238 994 3292 creaturum
1016 3232 1157 3293 clevatum
1179 3235 1304 3312 omnique
1327 3230 1453 3293 dominun

462 3343 518 3396 tem
545 3336 582 3399 ob
610 3337 706 3399 oculos
733 3337 886 3416 baberent,
919 3348 946 3399 et
974 3340 1024 3402 tali
1052 3340 1136 3403 modo
1163 3342 1254 3414 fidem
1275 3341 1293 3400 i.
1317 3359 1345 3401 c.
1368 3352 1453 3418 supcr-

461 3439 621 3508 naturalium
653 3445 841 3526 cognitionem
877 3452 999 3530 practice
1028 3448 1271 3531 adipiscerentur.·
1305 3448 1375 3511 Gom
1401 3458 1453 3506 uem

463 3552 577 3616 llonrani
600 3573 688 3635 neque
715 3556 808 3618 subtili
837 3557 981 3620 dialectica
1009 3559 1163 3638 pollerent,
1198 3579 1287 3640 neque
1317 3559 1397 3622 facile
1417 3569 1454 3634 per

459 3663 544 3724 verba
565 3665 657 3724 animo
678 3674 867 3743 moverentur,
890 3666 941 3727 sed
963 3686 1056 3745 opere
1069 3676 1163 3730 essent
1177 3677 1313 3750 potentes,
1335 3657 1455 3730 revelatio

459 3769 564 3834 Christi
585 3792 636 3854 per
656 3773 787 3853 Ejusdem
810 3774 907 3854 opero
928 3777 1013 3838 multo
1034 3777 1176 3840 ellicaoior
1195 3765 1260 3842 es'se
1281 3779 1383 3840 debuit.
1405 3772 1454 3833 lle-

456 3899 528 3962 epse
550 3885 711 3958 uniuersalis
733 3894 760 3945 et
781 3894 881 3947 cuncta
902 3895 1006 3948 terreno
1029 3889 1167 3950 excedens
1183 3887 1283 3953 lllrristi
1298 3886 1454 3969 magnitudo,

342 4025 349 4046 ι
458 4007 540 4068 quum
563 3989 629 4069 Ejus
650 3993 723 4055 lactu
744 3994 833 4074 pelam
854 3996 1018 4074 ostendunt,
1048 3981 1228 4077 Evangelium
1257 4010 1317 4062 erat
1337 3994 1455 4060 Romanis

459 4101 634 4177 aptissimum
641 4121 650 4177 3
679 4104 780 4184 quippe
808 4121 879 4182 quae
907 4114 952 4166 sut
982 4115 1080 4186 potans
1105 4107 1160 4169 luit
1187 4108 1287 4170 fcrtcm
1309 4105 1454 4189 pectoribus

329 4263 332 4272 ,
457 4209 580 4270 inserere
608 4209 708 4288 iidem,
736 4229 825 4290 quoe,
852 4222 999 4293 postquam
1024 4215 1128 4276 Romae
1154 4226 1250 4294 egerat
1279 4216 1414 4288 radices(
1434 4211 1454 4268 il

458 4308 614 4380 universum
636 4317 831 4382 diffunderetur
851 4321 961 4385 Orbem.
