3156 4934
274 266 298 330 4

274 439 359 492 retur.
403 383 532 490 Attamen
552 431 646 511 primis
668 429 723 490 illis
744 429 916 510 temporibus
938 445 1040 506 magno
1061 428 1201 492 doctrinae
1220 436 1350 510 apparatu
1378 427 1460 488 baud
1560 505 1561 535 ἦ

275 557 347 618 opus
368 547 443 616 erat3
464 541 555 601 omnia
576 541 656 619 quasi
677 541 740 600 viva
760 547 824 600 ante
843 540 941 602 oculos
969 538 1146 602 versabantur
1174 546 1201 599 et
1229 539 1332 600 recenti
1360 537 1459 598 tradi·
1560 561 1561 591 n

274 650 351 710 tione
379 647 592 712 illustrabantur,
642 649 825 728 §equentibus
855 657 945 710 autem
973 649 1108 726 saccula,
1139 665 1201 710 cum
1231 649 1294 708 riva
1316 649 1456 708 memoria

274 759 409 838 inciperet
437 758 575 819 obliterari
603 767 631 818 et
657 761 759 819 veritas
787 757 938 820 traditionis
967 758 1137 839 impugnari,
1167 757 1336 818 accuratiore
1356 755 1456 816 studio

185 951 189 954 -
274 866 422 952 dpatisque
444 867 622 928 adminiculis
643 867 820 946 indigebant,
849 870 895 946 qui
926 885 952 928 s.
975 868 1130 947 Scripturas
1157 866 1339 948 exponebant.
1381 863 1456 926 inde

273 977 390 1037 scientia
411 976 511 1038 biblica
532 979 667 1056 originem
688 980 784 1055 traxit,
814 996 898 1056 quaa·
906 977 1040 1058 prioribus
1064 975 1232 1057 temporibus
1259 991 1455 1055 quaecumque

272 1085 364 1146 studia
386 1085 573 1165 philologica,
595 1087 746 1168 historica,
776 1087 981 1148 hermeneutica
1002 1095 1056 1150 etc.
1079 1087 1237 1166 promiscue
1257 1084 1374 1146 diversis
1394 1082 1452 1143 sub

255 1195 425 1256 nominibus
456 1196 694 1277 complectebatur.
737 1197 787 1258 lta
815 1199 948 1259 institutio
987 1215 1038 1258 seu
1068 1197 1211 1258 instructio
1241 1194 1339 1256 biblica
1366 1193 1452 1254 modo

272 1304 366 1384 plura,
397 1305 481 1367 modo
507 1309 638 1386 pauciora
670 1316 698 1368 et
728 1307 873 1369 admodum
907 1309 989 1412 varia⁸
1017 1307 1249 1387 interpretationis
1282 1303 1449 1366 adminicula
1553 1372 1558 1383 Ι

230 1417 234 1424 ’
272 1415 449 1476 ministrabat.
492 1415 570 1490 Quae
591 1418 749 1478 commixtio
769 1417 921 1478 studiomm
935 1431 1077 1478 sacrorum
1098 1415 1134 1476 ab
1156 1423 1244 1476 aetate
1265 1412 1375 1478 Patrurn
1395 1430 1448 1492 per
1560 1432 1561 1465 n

270 1532 356 1585 totum
379 1525 497 1585 medium
520 1543 618 1586 aeuum
640 1517 729 1605 'rusque
750 1527 785 1587 ad
806 1527 946 1588 saeetdum
970 1524 1018 1589 1⁷.
1037 1525 1215 1608 perdurabit.
1551 1586 1561 1643 ᾗ

312 1640 404 1696 Nota.
434 1639 524 1695 libri·
541 1639 602 1696 hue
631 1639 804 1711 referendi.
835 1641 868 1698 S.
892 1641 1074 1716 Hieronymi
1101 1635 1300 1716 prolegomena
1326 1636 1354 1695 in
1382 1634 1447 1694 libr.
1551 1654 1561 1725 j.

433 1735 524 1820 saer.;
547 1743 582 1808 de
603 1746 668 1804 viris
689 1743 853 1809 illustribus.
894 1749 1105 1826 Ghryeoatomi
1125 1743 1333 1824 prolegomena.
1375 1743 1450 1801 Aur-
1550 1736 1561 1822 ἦ

309 1865 310 1868 ’
432 1858 596 1926 pusaeus:
617 1853 660 1914 De
673 1853 796 1934 doctrina
811 1853 973 1931 christiana;
996 1854 1031 1914 de
1046 1871 1185 1915 conserua
1206 1851 1344 1929 Evangel.
1367 1851 1449 1928 Spu·
1550 1858 1561 1903 i

435 1965 512 2042 opsis
533 1965 709 2024 Athanasii.
754 1968 911 2026 Hadriani
933 1958 972 2037 (i
992 1960 1069 2034 450)
1096 1958 1245 2042 εἰςαγώγη
1262 1957 1328 2053 Ιτῆς
1351 1961 1448 2032 decbr

435 2069 570 2156 γραφῆς.
612 2077 727 2134 ¹{curtilii
748 2074 837 2148 Afri:
858 2073 901 2134 De
922 2072 1046 2153 partibus
1068 2072 1140 2148 legis
1163 2071 1271 2133 divinae
1291 2075 1331 2146 (c.
1354 2065 1444 2132 460).
1560 2078 1561 2111 l

435 2185 617 2242 Gasmodori
638 2181 775 2244 Institutio
790 2183 943 2244 diuinarum
964 2183 1115 2244 litterarum
1137 2192 1178 2252 (c.
1202 2175 1296 2255 563);
1320 2187 1447 2259 tempore

262 2265 266 2274 ⁸
358 2277 361 2285 ’
432 2291 579 2369 posteriori
595 2299 726 2352 cumaea
740 2295 873 2354 Patrem
887 2292 1029 2370 usquead
1051 2283 1445 2370 Nicol..Lyrcai(†1340)

393 2445 396 2452 .
432 2396 577 2472 Postillas.
624 2405 759 2462 Sanctae
780 2405 948 2475 Papninos
967 2401 1173 2477 (Dominicanos
1194 2394 1217 2464 i
1240 2383 1353 2475 1540:
1381 2401 1442 2463 lsa-

311 2505 313 2508 ’
436 2524 513 2584 gogo
533 2508 567 2567 ad
589 2511 730 2585 mysticos
752 2527 849 2572 sacrae
871 2512 1027 2591 Scripturas
1048 2529 1160 2574 sensus.
1187 2516 1301 2572 Samias
1321 2515 1439 2572 Semen-

434 2619 480 2683 sis
499 2615 714 2696 (Dominicanus
735 2621 755 2692 †
777 2616 892 2692 1599it
914 2619 1087 2680 Bibliotheca
1108 2630 1215 2681 sancta.

475 2723 543 2786 lnde
571 2727 727 2808 prodierunt
754 2730 940 2792 institutiones
968 2749 1018 2790 seu
1051 2719 1245 2793 instructiones
1275 2734 1441 2814 interpretis,

433 2843 581 2914 apparatus
608 2835 702 2897 biblici
725 2846 800 2913 ete,
830 2839 930 2916 quibus
960 2856 1056 2900 omnes
1085 2838 1248 2918 disciplinae
1276 2839 1393 2900 biblicae
1415 2842 1442 2900 in

435 2961 516 3002 unum
537 2944 617 3021 quasi
638 2961 739 3025 eorpus
760 2944 889 3007 redactae
909 2948 1125 3009 continebantur.

351 3046 618 3113 caesenatenses
648 3053 758 3114 demum
786 3056 953 3136 temporibus
982 3057 1082 3119 divisio
1111 3058 1260 3120 studiorum
1288 3059 1361 3121 iacta
1388 3067 1442 3135 est,

269 3160 306 3219 ita
337 3145 366 3219 ut
395 3161 526 3221 institutio
554 3160 654 3223 biblica
685 3165 713 3224 in
740 3163 864 3241 singulos
892 3164 971 3244 quasi
1002 3184 1094 3228 ramos
1124 3168 1330 3230 diffunderetur.
1374 3167 1442 3230 Hinc

268 3285 293 3326 e.
317 3286 360 3345 gr.
383 3266 535 3348 philologia
556 3271 656 3350 sacra,
677 3271 892 3353 archaeologia,
913 3274 1133 3354 bermeueutica,
1156 3281 1251 3342 critica
1269 3282 1326 3357 Jam
1348 3280 1443 3342 diver·
1482 3341 1490 3356 ,

268 3391 316 3436 sas
337 3375 503 3457 disciplinas
518 3381 694 3442 constituunt.
732 3380 764 3441 ln
784 3399 817 3443 ea
838 3385 983 3463 partitione
1003 3387 1084 3447 etiarn
1105 3391 1294 3451 inmoderato
1316 3392 1442 3471 proprias

268 3482 322 3543 sibi
344 3492 436 3564 partes
458 3486 628 3564 vindicavit,
650 3490 713 3550 scil.
735 3507 876 3552 sacrorum
898 3491 1046 3570 librorum,
1068 3503 1098 3555 ut
1118 3497 1156 3558 ita
1178 3491 1277 3575 dicam,
1299 3497 1442 3561 historiam

267 3590 413 3662 literarium
434 3588 750 3677 (lileroiutpafclpidpis).
795 3603 902 3662 Auctor
923 3603 1067 3681 primarius
1088 3613 1117 3664 et
1144 3609 1226 3684 quasi
1254 3580 1331 3689 pater
1359 3607 1441 3686 hujus

268 3697 431 3780 disciplinae
453 3701 503 3763 fuit
524 3707 700 3766 Richardus
720 3711 846 3788 Simon,
870 3707 1052 3772 Oratorianus
1066 3712 1242 3793 Parisiensis,
1264 3734 1314 3778 sua
1327 3717 1440 3780 historia

166 3799 169 3804 ’
268 3808 364 3870 critica
396 3809 458 3871 Vet.
491 3810 523 3873 Τ.
554 3811 663 3887 (1678)
696 3823 725 3875 et
756 3817 846 3897 magis
881 3817 971 3880 adbuc
997 3839 1047 3882 sus
1079 3821 1192 3885 historia
1219 3827 1314 3887 critica
1341 3825 1375 3888 Ν.
1406 3826 1437 3888 Τ.

268 3915 475 3992 (1689-95).
520 3921 579 3982 lste
599 3921 740 3985 historiam
763 3925 913 3988 Auctorem
935 3946 1095 4008 sacrorum,
1118 3941 1209 3994 tentus
1229 3934 1344 4013 biblici,
1365 3935 1440 3998 Ver-

267 4027 375 4088 sionum
397 4037 450 4088 etc.
474 4037 547 4090 tanta
567 4034 720 4108 sagacitate
742 4043 771 4095 et
791 4035 944 4100 eruditione
964 4043 1148 4141 pertractavit,
1170 4051 1199 4104 ut
1218 4047 1316 4106 exinde
1330 4047 1438 4125 plurimi

267 4143 393 4212 auemres
414 4144 469 4196 tam
491 4137 618 4200 catholici
637 4157 718 4219 quam
745 4151 928 4222 protestantes
955 4150 1016 4226 ejus
1046 4153 1165 4229 vestigia
1192 4163 1355 4234 premerent.
1398 4153 1439 4216 Ea

267 4249 369 4302 mutum
384 4252 427 4303 est
441 4244 613 4324 differentia,
635 4257 663 4308 ut
676 4269 762 4330 penes
776 4251 932 4317 catholicos
946 4258 1057 4336 spiritus
1080 4259 1255 4339 theologicus
1277 4262 1440 4342 disciplinae
