3034 4934
1222 329 1265 408 'eo

88 521 126 569 se·
142 507 315 586 accingebat.
333 489 403 568 Sed
425 505 634 588 pertimescens,
659 525 692 568 nc
714 507 778 568 illos
799 508 939 585 inveniret,
961 508 1058 587 quales
1081 513 1136 570 nori
1156 499 1266 572 'solebat

89 609 247 695 (·12,20);
269 636 303 678 ne
325 618 463 678 tristitiam
485 634 569 698 super
590 617 728 677 tristitiam
750 615 865 678 heberet
885 615 931 693 (2,
940 613 996 692 3),
1017 616 1166 697 epistolam
1181 610 1264 698 plae-

89 726 231 803 nitebat,
257 735 285 786 ut
307 744 362 787 non
384 726 476 787 durius
500 744 585 804 agere
606 743 738 807 praesens
761 734 909 804 cogeretur
928 722 997 804 (13,
1015 724 1079 800 10).

132 828 136 840 ’
170 829 199 897 3.
223 834 266 896 lix
285 827 387 914 nnius
411 821 574 897 consenum
596 831 730 916 epistolae
756 838 815 896 emi
840 843 951 916 potest,
980 836 1086 897 scilicet
1115 838 1265 918 reprimere
1363 825 1368 832 ⁴

87 947 278 1006 accusationes
300 954 328 1006 et
348 947 533 1022 arrogantiam
554 944 778 1006 adversariorum¹
801 953 830 1006 et
855 960 933 1007 seem
962 943 1112 1008 defendere
1139 931 1266 1009 aectcrl'e'

88 1062 181 1115 tatem.
228 1054 312 1114 Sicuti
333 1055 435 1135 prioris
456 1055 594 1136 epistolae
615 1072 718 1134 scopus
741 1056 887 1134 primarios
916 1064 991 1118 erat:
1023 1055 1161 1118 inculcare
1191 1056 1264 1120 obe·

89 1163 218 1224 dientiam
255 1164 498 1240 ecelesiasticam,
534 1165 562 1226 in
589 1163 642 1224 hac
669 1153 844 1245 potissimum
870 1167 960 1252 agitur
986 1172 1024 1226 de
1055 1171 1264 1232 scalmorum

88 1277 286 1335 auctoritate.
310 1311 349 1322 -
369 1272 517 1366 ¹Accedunt
537 1273 679 1336 normullae
702 1275 866 1337 intentiones
886 1277 1034 1356 practicae.

624 1505 651 1574 ι.
675 1505 733 1608 52.1

492 1629 495 1637 ’
568 1619 796 1740 hermolitum..

170 1817 282 1880 Praeter
315 1818 452 1880 introitum
485 1827 514 1880 et
544 1820 750 1882 conclusionem
783 1827 839 1880 tres
877 1821 985 1881 circiter
1011 1830 1103 1900 partes
1131 1819 1264 1898 distingui

88 1937 216 2007 possunt.

169 2064 201 2125 ln
222 2069 354 2125 introitu
375 2064 422 2141 (,Ι
447 2060 556 2141 1-7)
583 2074 649 2147 post
670 2073 830 2126 consuetam
859 2065 1049 2127 salutationem
1077 2066 1264 2128 tribulationes

90 2179 118 2230 et
139 2173 340 2234 consolationes
362 2191 428 2234 suas
449 2182 665 2252 commemorat,
696 2193 749 2235 non
778 2183 807 2235 nt
827 2193 893 2236 suas
916 2176 1022 2253 solnm,
1055 2172 1105 2236 sed
1133 2178 1266 2240 simulat

93 2277 235 2344 Ecclesiae
254 2271 334 2344 saluti
355 2293 383 2344 et
403 2286 505 2347 solatio
526 2287 689 2346 servientes
754 2289 757 2298 '
1254 2286 1259 2296 ’

172 2423 255 2481 Pars
273 2427 381 2499 prima
406 2421 499 2500 (Ι.-
513 2423 567 2497 V.)
599 2429 755 2502 opoloyet
743 2443 793 2485 ece
824 2431 916 2504 potest
948 2423 1095 2506 appellari,
1129 2425 1192 2504 quia
1218 2423 1264 2516 hip
1347 2391 1351 2401 Ι

93 2529 245 2612 Apostolus
266 2540 358 2596 contra
380 2535 568 2617 accusationes
590 2523 809 2596 alveisariorun
825 2551 863 2617 se
885 2532 1017 2624 defendit.

153 2628 340 2712 1)'Deiendit
364 2617 456 2706 suurn
485 2647 596 2716 apenos·
625 2650 750 2706 modom
781 2643 1036 2721 (characterema
1064 2641 1199 2720 calumnia
1218 2644 1267 2718 le-‚

211 2751 312 2844 vitatis,
333 2753 432 2837 quippe
453 2755 499 2832 qui
519 2753 838 2834 propositnmkveniemli
862 2772 918 2817 non
939 2761 1093 2829 mutasset,
1122 2751 1174 2814 sed
1194 2771 1264 2836 pro-

211 2868 357 2940 rogasset,
380 2872 408 2923 et
430 2862 484 2924 hoe
506 2881 561 2924 non
576 2880 611 2923 cx
631 2862 829 2941 instabilitate,
846 2862 902 2950 ,sed
917 2871 945 2924 ut
961 2862 1015 2924 illis
1030 2839 1164 2943 parceret
1186 2861 1208 2923 1.
1223 2861 1261 2924 ll.

148 2969 186 3046 2)
206 2970 334 3034 Defendit
356 2967 572 3036 a'crctoritatem
594 2978 756 3036 annotaret
770 2979 851 3036 Neci
865 2978 1071 3054 Testamenti,
1093 2971 1167 3052 quod
1180 2971 1265 3057 multo

213 3081 364 3170 preclarius
386 3091 432 3144 est
453 3084 607 3144 ministerio
629 3082 738 3144 Veteris
762 3057 948 3165 Testamenti3
977 3101 1033 3146 non
1055 3082 1182 3144 obstante
1204 3080 1265 3146 lct-

165 3193 319 3274 gilitate
340 3191 475 3268 humana,
497 3211 559 3253 cum
582 3194 636 3252 isla
657 3193 805 3252 auctoritas
826 3209 882 3254 non
897 3195 933 3256 sit
947 3192 1089 3306 ιιιηιιιΙΙε,
1098 3191 1149 3256 sed
1162 3209 1265 3272 super

211 3303 348 3365 naturalis
370 3275 421 3364 ΙΙΙ.
438 3303 522 3384 -,Ι’.
604 3337 608 3348 -

172 3443 255 3502 Para
275 3445 377 3502 attero
398 3438 517 3515 (vl-
533 3438 603 3515 ΙΙΙ)
629 3447 673 3503 est
696 3443 908 3516 paracletico,
936 3440 1001 3520 quia
1029 3435 1217 3520 Apostolos!
1204 3453 1264 3515 mm

83 3549 251 3610 auctoritate
272 3567 324 3610 sac
345 3549 482 3611 vindicata
504 3549 588 3610 verba
607 3547 675 3609 iacit
695 3547 729 3609 ad
747 3549 880 3624 majorem
901 3556 931 3610 et
957 3549 1100 3612 meliorem
1126 3545 1274 3626 ecclcsiae

83 3666 214 3738 partem,
236 3657 404 3727 adrersariis
426 3659 538 3736 missis3
559 3657 716 3737 etquidem
1040 3705 1043 3712 .

154 3764 186 3841 l)
204 3769 362 3847 ,pametesis
383 3767 572 3846 (exhortatio)
592 3770 751 3846 generaliaa
772 3785 854 3858 rectas
869 3767 921 3830 Dei
943 3767 1067 3828 minister
1086 3783 1138 3828 eos
1158 3762 1263 3830 exhotr

211 3887 299 3954 tetur,
322 3889 354 3942 ut·
373 3881 429 3942 sint
450 3897 515 3942 vere
536 3880 652 3959 populus
673 3878 733 3942 Dei.
754 3876 803 3940 Vl.
993 3943 996 3950 ,

152 3985 192 4062 2)
213 3991 426 4054 ocnnmtcario
446 3989 585 4065 laetitiae,
607 4005 689 4066 quam
711 3987 805 4053 habuit
825 4005 862 4050 ex
881 3987 1013 4056 relations
1032 3983 1096 4052 'liti
1118 3983 1196 4063 mm

150 4093 187 4171 3)
208 4096 409 4172 commendatio
430 4097 565 4161 collectae
586 4116 636 4178 pro
658 4098 787 4160 iratribus
808 4101 835 4160 in
855 4096 1020 4162 Palaestine.
1043 4093 1119 4158 vtll.
1140 4092 1193 4161 IX.
1260 4149 1262 4154 .

171 4239 369 4296 Pars-tertie
391 4231 441 4311 (m
457 4269 494 4281 —
511 4233 582 4310 ΙΙΙΙ,
606 4231 660 4307 te)
681 4240 725 4294 est
743 4238 907 4313 polernico,
920 4233 994 4312 ‘quia
1014 4229 1114 4292 Paulus
1135 4213 1180 4291 hri
1201 4245 1264 4289 cunr

81 4343 258 4407 adversariis
284 4345 343 4422 agit
370 4334 519 4421 eornmqt're
544 4343 706 4418 iactantiam
734 4350 762 4402 et
790 4341 973 4405 detractiones
1000 4352 1146 4422 personam
1177 4329 1263 4424 ipsias
