3070 4940
505 1249 513 1264 .
568 1091 1172 1298 ,clamucium

425 1477 596 1634 nean
615 1491 1024 1640 unsaramma
1044 1481 1303 1640 cernam,

330 1671 337 1686 ’
441 1693 446 1706 ’
802 1693 1014 1793 'r'.ae.·³·
1082 1695 1099 1750 ³-
1150 1725 1183 1748 τ
1273 1730 1288 1830 3

564 1889 737 1993 nanum
757 1855 943 1990 prodor·
960 1886 1176 1986 cumrato
1332 1889 1338 1896 ·

351 2040 397 2103 l.
420 2041 542 2117 Quatnor
572 2030 860 2121 avergam-qnae·
875 2015 1070 2115 tractavimus,
1104 2027 1245 2098 condnerlt
1273 2037 1461 2096 testimonium

284 2152 464 2232 apostolicum
487 2151 522 2212 de
542 2152 609 2213 Jesu
631 2145 762 2228 Clirilutot
781 2151 820 2211 dc
839 2149 935 2212 Verbo
952 2149 1015 2209 laeli.
1038 2149 1158 2224 dumos
1170 2131 1253 2225 duo'd
1269 2162 1338 2206 caro
1359 2145 1462 2206 lactum

285 2270 375 2320 estet
396 2239 527 2322 habitavit
548 2263 574 2322 in
588 2251 675 2321 *no'lais
687 2257 820 2338 ”rtcaelp
846 2257 917 2336 itm
932 2239 972 2318 'tle
993 2247 1135 2334 omnibns,
1163 2258 1356 2336 praecoepit
1377 2255 1463 2315 Jcsus
1507 2299 1508 2348 v

285 2369 395 2442 lacera
408 2379 455 2432 at
467 2370 587 2452 docere,
599 2386 707 2450 ruqvue
727 2371 754 2433 in
774 2368 864 2445 dmm,
896 2383 949 2446 orta
970 2377 1125 2436 amonius
1127 2362 1326 2444 caiolum
1340 2362 1381 2434 i·
1406 2365 1463 2437 2··)

161 2477 164 2485 “
283 2478 369 2546 llino
367 2495 448 2542 nova
469 2481 552 2559 regni
572 2481 656 2544 divini
675 2479 808 2560 periodus
834 2480 942 2550 initium
970 2481 1062 2559 capit,
1091 2495 1192 2557 quarn
1190 2475 1295 2556 explet
1316 2479 1463 2546 Ecclesia

282 2589 317 2649 ab
346 2590 510 2651 ascensione
538 2561 649 2651 Domini
681 2608 768 2667 usque
795 2589 829 2650 ad
857 2557 925 2666 Ejus
957 2589 1126 2651 adventum
1137 2598 1182 2654 et
1170 2571 1460 2688 consummationem

282 2698 394 2762 saeculi.
438 2697 626 2784 Fundamenta
648 2698 792 2760 Ecclesiae
814 2701 908 2776 utique
929 2717 993 2778 per·
1000 2699 1089 2778 ipsum
1096 2689 1248 2757 Dominum
1270 2697 1359 2773 posita
1383 2701 1459 2767 sunt

281 2785 332 2869 sed
354 2812 415 2888 ejus
437 2811 634 2870 incrementum
655 2812 742 2870 misso
764 2808 903 2869 demum
896 2827 921 2867 m
944 2807 1114 2887 Apostolos
1120 2807 1269 2887 Spiritus.
1304 2804 1406 2883 incipit
1434 2810 1459 2860 et

281 2936 370 2996 usque
391 2920 418 2978 in
436 2921 521 2996 linem
542 2919 648 3010 saeculi
670 2918 806 2998 perdurat
857 2915 908 2978 Est
935 2925 1025 2978 autem
1046 2915 1100 2976 hoc
1121 2916 1315 2974 incrementum
1337 2911 1449 2991 dupler:

282 3037 467 3106 antemon,
490 3028 582 3088 simile
603 3044 690 3104 grano
713 3028 834 3116 sinapis,
858 3025 930 3104 qnod
952 3027 1095 3087 minimum
1114 3023 1225 3102 'quidem
1246 3031 1290 3082 est
1310 3023 1459 3094 seminum

281 3137 332 3198 sed
354 3154 561 3216 quaquaversus
583 3137 729 3213 dilatatur3
758 3144 786 3196 et
806 3141 985 3216 internum,
1016 3135 1105 3195 simile
1126 3134 1278 3209 fermento,
1311 3134 1462 3210 cujusvis

281 3250 412 3324 energica
441 3267 495 3308 non
529 3249 654 3324 sistitur,
692 3247 852 3327 priustpua'rc
888 3254 972 3308 totam
1010 3263 1131 3311 massam
1166 3245 1372 3305 fermentaverit
1404 3242 1462 3318 (ci.

281 3354 377 3416 llatth.
403 3352 452 3432 13,
474 3351 623 3428 31-33)
1043 3416 1048 3424 ,

211 3475 216 3484 ·
248 3443 258 3465 ’
363 3463 395 3524 2.
418 3463 474 3524 Sed
496 3465 622 3542 quamvis
643 3462 770 3524 Ecclesia
792 3483 844 3525 una
865 3465 901 3524 sit
921 3465 957 3526 ab
972 3466 1047 3526 initio
1062 3464 1302 3544 usqueinlinem,
1323 3481 1465 3540 magnum

281 3582 372 3633 tamen
394 3549 541 3633 discrimen
561 3546 703 3634 intercedit
725 3575 794 3633 inter
815 3573 973 3634 Ecclesiam
994 3575 1157 3654 primitivam
1168 3577 1407 3653 apoatota‘cam,
1436 3581 1466 3633 et

280 3681 438 3744 Ecclesiam
460 3684 606 3764 sequentis
627 3685 698 3744 aevi.
742 3681 981 3758 Quemadmodum
1007 3685 1079 3744 enim
1101 3683 1229 3764 Apostoli
1259 3692 1335 3743 erant
1361 3692 1464 3762 patres

280 3802 308 3854 et
329 3792 535 3854 fundamentum
558 3791 723 3868 Ecclesiae,
753 3794 789 3852 ita
817 3795 899 3854 etiam
920 3790 1049 3854 Ecclesia
1070 3793 1223 3874 apostolica
1244 3773 1288 3854 est
1307 3794 1410 3853 matrix
1436 3801 1466 3852 et

279 3902 368 3962 forma
389 3905 503 3983 (typus)
525 3901 687 3962 universalis
699 3899 848 3962 Ecclesiae
870 3903 967 3963 omnia
988 3904 1119 3982 temporis
1142 3910 1170 3963 et
1190 3901 1261 3978 locl;
1283 3908 1314 3960 et·
1323 3899 1465 3961 Ecclesia

279 4010 416 4088 posterior
443 4027 496 4070 non
518 4018 562 4069 est
583 4011 634 4071 nisi
665 4012 786 4104 evolutio
808 4020 835 4071 et
856 4009 1250 4093 complementumEcclesiae
1270 4009 1462 4091 apostolicae.

278 4115 410 4178 Nostrum
432 4127 523 4180 autem
545 4122 597 4181 erit
617 4121 643 4181 in
664 4119 717 4182 hac
738 4121 944 4194 introductionis
965 4095 1046 4181 l‘arte
1068 4121 1233 4200 primitivam
1253 4119 1324 4179 illam
1346 4115 1465 4180 Eccle-

279 4228 339 4287 siae
360 4228 476 4290 formam
503 4248 555 4290 seu
574 4228 731 4291 Ecclesiam
758 4231 901 4314 apostolici
929 4226 1061 4310 temporis
1090 4247 1126 4290 ex
1153 4227 1324 4290 documentis
1352 4246 1464 4290 sacrae

279 4335 436 4417 Scripturac
457 4337 642 4410 considerare.
