3070 4940
1239 317 1281 392 bd

189 479 218 544 3.
240 482 286 544 Ad
306 483 399 558 tidem
420 481 501 562 butus
518 479 668 560 Evangelii
692 480 885 544 adstruendam
906 481 1011 544 suldrit
1023 481 1138 544 loconis
1154 481 1281 562 Apostoli

100 593 264 656 auotoritas.
308 591 381 668 Quin
401 599 532 653 accurata
553 600 705 673 temporum
726 590 906 671 looommquc
926 591 1074 672 dispositio
1095 600 1122 652 et
1148 591 1281 673 graphica

103 705 267 785 plerumque
295 719 385 762 rerum
414 677 639 781 repraesentatio¹
651 719 701 783 per
720 719 753 762 se
773 699 832 784 τήν
850 699 1016 785 ἀκρίβειαν
1034 701 1178 782 scriptoris
1201 719 1281 762 come

105 814 246 875 mendant.
279 809 357 886 Quae
379 817 474 873 contra
496 817 613 890 possent
637 809 742 886 afferri,
765 818 828 870 sunt
847 809 1015 871 differentiae
1035 808 1115 888 hujus
1135 807 1280 888 Evangelii

102 942 120 983 a
143 922 281 1003 prioribus
303 929 360 982 tum
382 920 456 981 circa
477 921 642 997 materiam,
670 928 725 980 tum
747 921 820 982 circa
845 921 971 984 formam.
1016 920 1074 981 Sed
1103 907 1173 981 istae
1193 919 1281 982 dillo-

100 1033 208 1092 rentiae
229 1029 342 1090 realiter
363 1026 594 1090 contradictoriae
614 1045 669 1092 non
690 1037 774 1105 sunt,
804 1038 832 1089 et
850 1030 957 1090 ratione
978 1027 1067 1090 habita
1089 1028 1232 1109 scriptoris
1253 1036 1281 1088 et

99 1117 213 1200 consilii
235 1136 374 1199 offendere
395 1153 450 1198 non
471 1145 595 1217 possum.

149 1307 239 1360 Noto.
269 1295 450 1360 Verissimum
481 1307 541 1376 est,
574 1298 710 1361 loannem
741 1301 855 1361 caeteris
877 1298 1064 1378 Evangeb'stis
1093 1305 1279 1381 comparatum

270 1407 415 1491 plurimum
438 1405 559 1468 differre,
597 1387 724 1469 Dum'e:
737 1425 780 1486 gr.
804 1393 961 1469 coeteriea
982 1408 1130 1488 praecipuo
1150 1415 1279 1485 tractant,

217 1522 218 1530 ’
273 1517 393 1596 quaein
415 1517 559 1577 [lalliaco
581 1495 691 1579 luerunt
711 1523 814 1596 patrata
836 1516 879 1576 rel
908 1515 998 1592 diota,
1028 1515 1151 1576 loannes
1178 1511 1280 1576 illero-

271 1625 446 1703 solgmitmis
468 1633 638 1704 occupatur;
666 1627 694 1686 io
714 1625 862 1685 illis'laota
884 1623 1056 1685 sermonibus
1078 1616 1278 1700 coordinantur,

271 1735 297 1794 in
317 1733 426 1794 Joarmo
447 1751 604 1795 sermonum
626 1733 763 1797 elementa
785 1733 1017 1816 praeponderare,
1047 1733 1149 1823 in'illis
1170 1731 1278 1793 Domini

270 1859 416 1905 sermones
437 1841 597 1924 plerumque
618 1837 730 1905 moralia
752 1827 909 1919 portinent,
941 1844 967 1903 in
996 1844 1049 1904 isto
1070 1851 1161 1903 cutem
1186 1851 1279 1904 meta·

269 1930 578 2034 physico-dogmatum
601 1954 628 2013 in
650 1953 703 2014 illis
726 1952 813 2014 forma
834 1951 988 2034 parabolica
1008 1952 1158 2034 praevalet,
1174 1954 1209 2014 in
1223 1955 1279 2015 isto

270 2064 354 2142 quieti
376 2061 495 2134 duminio
521 2065 611 2124 instar
639 2063 760 2141 cogitata
789 2063 1027 2155 evolvuntureto.
1050 2060 1173 2137 Quilibet
1186 2070 1277 2124 autem
1383 2147 1392 2160 λ

271 2179 402 2232 sensatus
430 2169 487 2234 boc
514 2171 664 2235 discrimen
691 2180 768 2244 certe
799 2189 853 2233 non
878 2171 956 2233 aliter
975 2171 1115 2251 epplioare
1136 2169 1280 2238 conabitur

270 2282 324 2346 nisi
345 2298 365 2342 e
384 2278 492 2342 diversa
519 2279 660 2352 scribendi
689 2297 789 2359 causa,
820 2280 934 2342 diverso
958 2280 1079 2342 ¹tauctoris
1106 2279 1224 2351 copsdio
1244 2296 1280 2340 ac

269 2387 378 2450 demum
393 2407 429 2450 ex
444 2389 532 2469 ipsius
547 2387 746 2468 Evangelistae
757 2391 868 2468 ingenio
882 2397 912 2448 et
925 2386 1099 2450 charismate.
1111 2386 1278 2450 -Dideme

268 2496 373 2559 videtur
401 2500 474 2559 circa
502 2507 610 2594 tempus
640 2495 753 2561 Coenon
766 2541 772 2552 .
787 2515 849 2578 cap.
875 2494 930 2574 18,
952 2495 1003 2560 28.
1027 2496 1064 2558 oi.
1084 2495 1151 2558 buo.
1173 2495 1226 2572 22,
1247 2492 1276 2557 7.

234 2657 239 2668 .
271 2607 397 2671 Attamen
419 2625 473 2668 vox
494 2605 612 2686 πάσχα
632 2627 698 2674 nou*
711 2607 801 2670 solum
815 2625 929 2680 annom
950 2604 1110 2685 paschalem
1124 2605 1276 2683 significat,

150 2777 154 2784 ,
268 2715 319 2776 sed
347 2716 400 2778 olla
428 2733 539 2796 quoquo
566 2718 704 2780 sacrificia
731 2717 908 2790 otooovivia
929 2712 1082 2795 paschalia.
1110 2749 1149 2760 -
1177 2713 1277 2774 Didcrt

191 2869 194 2874 -
268 2827 350 2889 etiam
372 2827 446 2889 circa
467 2824 574 2904 boram,
597 2843 654 2906 qua
671 2823 798 2902 Christus
820 2824 870 2888 luit
891 2825 967 2886 cruci
989 2823 1090 2886 allisus
1111 2820 1211 2896 (dioro.
1225 2820 1276 2901 15,

265 2929 315 2997 25.
340 2932 383 2996 cl.
412 2933 510 2999 loono.
546 2932 597 3013 19,
629 2931 691 3010 14).
733 2934 892 2998 Discrimen
921 2933 1083 3010 evanescit,
1113 2933 1138 2994 si
1167 2933 1197 2992 in
1228 2931 1277 2993 illo
1362 2996 1364 3000 ,

267 3052 376 3123 tempus
397 3041 544 3123 horologio
558 3045 714 3125 jndaico,
731 3046 773 3142 ‘in
794 3045 849 3106 isto
869 3049 959 3104 autem
981 3047 1120 3106 Romano
1141 3040 1274 3102 delinitur.

266 3151 320 3228 Qui
341 3149 430 3214 bonae
446 3163 490 3216 est
504 3153 670 3232 voluntatis,
692 3155 775 3215 etiam
795 3153 857 3215 illas
871 3151 1042 3218 differentias
1068 3154 1276 3214 concretiolttcr

180 3325 183 3337 ,
265 3262 345 3326 iacile
365 3262 475 3342 solvet,
497 3265 618 3344 quaein
640 3258 852 3327 resurrectionis
874 3261 992 3324 historia
1016 3227 1173 3326 occurrun't.
