3070 4940
80 537 82 542 ,
180 491 271 547 Nota.
302 479 484 560 Aponppht
504 471 631 558 (βιβλία
654 468 843 553 ἀπόκρυφοι)
864 464 1080 528 ccamottctstt
1097 461 1308 536 dicunturlihri,

295 607 369 670 quos
390 587 508 649 nonnnlli
531 585 701 664 scriptores,
730 579 923 640 scmumaenoui
943 575 988 636 rel
1016 575 1117 635 veteris
1139 571 1307 634 Testamenti

298 702 470 780 Scriptorum
499 695 615 769 imitati,
651 691 712 751 siue
743 705 777 749 ex
808 690 852 768 piu
886 684 999 762 incude,
1032 685 1092 744 sive
1127 683 1161 744 ud
1198 684 1308 759 ignotos

300 808 394 868 fideles
426 803 602 885 decipiendos
633 815 815 880 composuere
840 813 875 856 uc
905 795 977 856 tolno
1007 792 1169 873 plerumque
1198 791 1310 856 nomine

190 951 193 958 ·
216 954 221 961 -
301 917 455 997 pmemtsso
476 913 583 994 publico
605 912 666 970 luce
687 907 841 982 donarunt,
863 921 934 984 quos
956 911 1045 964 tumen
1066 901 1187 962 ecclesie
1207 897 1310 960 entho-

300 1025 351 1086 licu
372 1026 399 1084 in
418 1039 560 1084 sacrorum
581 1019 713 1080 lihroruru
733 1032 865 1076 cononem
886 1031 1021 1092 nunquam
1042 1000 1156 1091 recepit
1193 1006 1311 1070 hl’ro-

299 1131 460 1193 testantibus
482 1137 572 1192 nutem
594 1127 654 1189 libri
677 1133 809 1186 vocentur
836 1126 916 1183 etium
939 1123 1130 1200 apocryphi,
1159 1131 1231 1196 quos
1251 1113 1312 1177 Cu-

259 1217 264 1233 ⁵
288 1241 392 1302 ¹tholici
413 1243 541 1301 deutero
564 1240 734 1298 canonicor
754 1231 902 1314 adpellant.

199 1351 232 1426 h)
255 1349 421 1410 Dividuntur
441 1349 602 1430 plerumque
621 1344 772 1406 secundum
794 1343 932 1402 materiam
954 1341 983 1399 in
1004 1347 1061 1400 tres
1084 1337 1207 1398 clusses:

258 1479 283 1520 u.
305 1458 368 1520 libri
390 1459 529 1519 historici:
551 1427 745 1532 dllvungeliu
766 1460 794 1515 et
817 1452 905 1511 Actus
926 1448 1139 1529 Apostolorcm3

258 1569 284 1632 h.
307 1569 370 1630 libri
391 1567 543 1628 diductici:
564 1563 705 1646 Epistolue
726 1561 801 1622 Pauli
822 1569 850 1620 et
871 1555 1051 1634 Catholicue;

259 1698 284 1739 c.
307 1678 417 1738 accedit
438 1695 508 1748 unus
521 1675 723 1782 propheticus:
747 1671 941 1753 Apocalypsis.

178 1793 269 1850 Noto.
300 1782 376 1846 llaec
404 1794 495 1846 rotem
524 1801 666 1844 sacrorum
697 1780 827 1842 librorum
856 1779 958 1846 divisio
986 1777 1093 1837 nonnisi
1120 1783 1255 1835 ooetcrnc
1284 1782 1312 1833 et

300 1897 480 1956 mechanico
500 1902 552 1954 est.
596 1891 723 1966 Quodsi
745 1890 819 1950 enim
840 1905 928 1948 neum
949 1891 1096 1946 internos
1122 1902 1172 1944 seu
1202 1884 1313 1942 inteolis

299 2004 464 2084 respicitur,
487 2003 627 2062 distinctio
649 1999 766 2060 hahetur
787 2002 937 2071 orpcror'ec
958 2004 986 2056 et
1007 1994 1115 2074 quidem
1138 1997 1312 2070 tripartita,

301 2111 670 2183 soloecismosque
692 2109 830 2168 continent
851 2097 999 2166 historiam
1023 2103 1060 2164 de
1085 2102 1147 2164 Filii
1174 2101 1225 2162 Dei
1254 2106 1313 2163 Irt-

300 2224 506 2298 correctione,
528 2217 563 2280 de
586 2217 679 2277 mundi
701 2219 921 2292 Redemptione
947 2231 980 2274 ao
1000 2212 1038 2277 de
1065 2211 1201 2272 ecclesiae
1221 2214 1313 2272 ffun-

297 2317 433 2390 datione.
474 2326 511 2390 ll.
543 2328 648 2388 Actus
671 2326 893 2402 Apostolorum
921 2331 948 2383 et
976 2320 1119 2402 Epistoleo
1149 2319 1185 2381 oh
1216 2319 1312 2380 oculos

300 2439 380 2500 nobis
402 2440 506 2500 sistunt
527 2445 580 2497 tum
602 2435 772 2517 apostolicae
792 2432 932 2494 ecclesiae
945 2434 1203 2510 properationem
1225 2437 1315 2494 ecte-

301 2551 428 2626 riorem,
450 2564 531 2626 quum
552 2549 714 2607 doctrinae
735 2546 877 2621 citaeque
898 2531 1033 2626 for'rqm
1053 2544 1241 2602 interiorem.
1262 2535 1312 2598 lll.
1350 2583 1352 2586 -
1387 2529 1395 2540 '

303 2656 515 2733 Apocalypsis
536 2652 747 2716 tundemnohls
769 2650 864 2731 pendit
895 2651 1031 2712 ecclesiue
1058 2658 1165 2710 statum·
1190 2656 1217 2708 et
1246 2664 1315 2728 pro·

304 2777 434 2837 gressum
456 2777 544 2842 usque
565 2759 600 2820 ud
622 2760 898 2820 consummationem.

686 3003 713 3070 9.
737 3003 767 3065 2.

468 3131 707 3226 introductionis¹
719 3177 825 3226 nonen
842 3167 873 3225 et
890 3165 980 3226 netto.

91 3379 97 3388 ,
220 3317 247 3380 l.
270 3319 350 3380 Notio
371 3315 585 3381 lnnoducticnir
607 3320 633 3379 in
655 3317 743 3378 libros
764 3333 863 3379 sacros
884 3333 934 3399 per
954 3335 986 3377 se
1006 3318 1077 3378 rdeo
1098 3317 1153 3378 lnte
1167 3323 1251 3398 potet,
1274 3324 1312 3392 ut,

140 3429 269 3508 quidquid
300 3429 333 3489 od
365 3427 572 3506 intelligendum
601 3411 846 3510 exponendamque
879 3428 963 3492 libros
992 3441 1091 3488 scenos
1121 3425 1245 3500 nomem,
1279 3441 1313 3485 ec

137 3537 332 3624 comprehendi
354 3541 451 3618 possit.
495 3537 633 3600 Historice
652 3540 735 3616 igitur
757 3539 845 3616 mugio
867 3554 950 3616 quum
972 3535 1159 3614 etymologine
1178 3536 1314 3613 inquirere

137 3645 290 3724 debemus,
312 3648 377 3726 quid
400 3666 470 3708 nunc
491 3650 625 3730 temporis
643 3647 679 3708 od
701 3665 762 3709 eom
784 3650 820 3708 sit
840 3646 1028 3708 referendum.
1048 3681 1084 3692 -
1107 3645 1312 3723 Antiquissimis

62 3777 64 3780 ·
140 3753 284 3816 Ecclesiae
305 3756 474 3836 temporibus
496 3758 541 3816 vix
568 3757 682 3838 pauculo
711 3759 879 3838 reperimus,
909 3773 981 3834 qnae
1008 3747 1215 3834 introductionis
1244 3771 1313 3834 spe-

137 3867 209 3925 eiem
230 3883 298 3945 prue
317 3883 350 3926 se
372 3865 472 3926 ferunt.
516 3868 588 3942 Sune
609 3867 749 3947 Scriptum
770 3881 850 3927 sacre
872 3865 943 3946 opud
968 3883 1063 3926 omnes
1085 3863 1186 3926 Christi
1216 3865 1312 3927 lldeles
1396 3848 1403 3860 ⁸

138 3989 245 4034 summu
270 3977 297 4036 in
327 3978 489 4037 unctoritute
517 3975 647 4052 vigebat,
683 3991 790 4036 summa
820 3993 881 4035 cum
915 3974 1052 4054 diligentie
1084 3973 1311 4053 conservabatur,

137 4081 316 4143 lectitabatur
335 4101 387 4164 per
407 4085 546 4146 ecclesius
568 4093 596 4145 et
615 4103 665 4166 per
685 4083 803 4161 domos,
831 4093 859 4145 et
889 4085 1014 4145 omnihus
1041 4084 1176 4146 thesauris
1199 4085 1311 4166 pmete-

135 4191 253 4253 rehutur.
297 4190 356 4253 Nec
386 4194 475 4256 minor
503 4194 642 4272 diligentie
671 4197 696 4255 ln
728 4193 910 4271 intelligendis
938 4193 1165 4274 exponendisque
1185 4192 1263 4254 libris
1285 4191 1310 4254 s.

136 4303 224 4382 positu
246 4309 308 4382 est,
329 4302 368 4364 itu
390 4311 420 4365 ut
441 4303 556 4366 scientio
578 4304 778 4384 scripturorum
794 4306 921 4366 Summa
941 4302 1020 4382 quasi
1041 4301 1200 4378 theologice
1221 4301 1311 4363 hohe-
1390 4377 1392 4384 y
1466 4351 1470 4360 .

1060 4407 1104 4469 qs
