3034 4934
1146 329 1253 422 ¹raa»
1323 297 1327 301 ’

79 493 218 571 perisset,
242 489 323 552 lilium
344 492 404 567 ιιίιι
422 490 591 569 ’ἀιιοιιιιιι“
612 489 701 567 (ΧΗ,
722 491 768 563 4).
812 490 909 553 Mulier
929 493 1001 573 parit
1014 493 1124 572 lilium,
1147 498 1193 573 qui
1223 497 1252 555 in

79 600 188 677 coelum
210 601 325 679 rapitur,
347 605 543 684 matei'autem
565 601 590 660 in
605 591 777 661 solitudinem
796 600 875 677 lngit.
898 601 1017 672 Satanas
1029 602 1109 663 coelo
1124 601 1251 680 deausus

79 709 219 768 mulierem
242 709 341 768 frustra
362 709 553 788 persequitur,
576 707 647 776 irinc
673 717 839 790 potestatem
869 726 947 768 snam
976 708 1083 770 duabus
1105 712 1252 770 committit

77 819 196 893 bestiis,
218 819 389 895 quageneri
409 817 533 900 mulieris
555 817 723 878 insidientur.
767 818 822 878 Ast
837 819 895 894 J'am
917 817 1001 895 Agno
1023 825 1169 880 cantantur
1183 837 1252 879 oan-

79 927 133 985 tica
156 925 306 984 victoriae.
300 922 424 1005 lapsus
440 924 592 1000 Babylonis
605 927 784 986 annunciatur
804 935 832 985 et
849 926 938 1003 angeli
953 926 987 988 ad
1004 909 1139 1004 judicium
1154 929 1251 991 accin-

77 1043 182 1130 guntur
203 1031 336 1110 (xli-
354 1031 461 1107 xiv..)
575 1068 577 1074 ·

145 1145 191 1205 P
213 1144 262 1208 lV.
293 1143 355 1203 lam
378 1161 447 1204 nova
469 1145 563 1224 incipit
584 1145 719 1205 evolutio:
750 1137 862 1224 Septem
892 1144 984 1223 angeli
1012 1143 1164 1225 procedunt
1188 1163 1251 1207 cum

77 1253 197 1335 phialis,
220 1253 309 1342 plenis
330 1252 468 1314 iracundia
483 1252 534 1312 Dei
546 1271 691 1332 ‚quarum
712 1253 845 1312 effusione
867 1252 1028 1314 terribiles'
1020 1271 1046 1314 m
1067 1263 1138 1314 terra
1151 1255 1253 1336 plagae

76 1365 215 1424 oriamur.
239 1359 274 1420 Et
294 1369 439 1441 postquam
461 1363 594 1441 septimus
616 1361 733 1440 angelus
745 1360 872 1441 phialam
894 1350 971 1422 suam
993 1362 1138 1440 effuderat,
1161 1364 1251 1425 audita

75 1479 122 1530 est
144 1487 215 1529 voa:
239 1467 371 1544 „Factum
387 1471 450 1528 est“
472 1467 568 1545 (XVI,
586 1465 661 1546 tr);
682 1478 710 1529 et
730 1471 785 1530 vati
806 1468 943 1529 destructa
962 1469 1114 1530 ostenditur
1127 1469 1250 1548 Babylon
1268 1491 1290 1534 a

74 1579 131 1638 sub
153 1579 276 1655 imagine
297 1578 449 1637 meretricis
470 1579 496 1637 in
517 1575 642 1638 deserto:
676 1575 810 1656 „Mulier‚
838 1594 917 1656 quam
947 1577 1055 1654 vidisti,
1083 1586 1126 1638 est
1152 1581 1250 1640 civitas

74 1706 196 1766 magna,
225 1704 296 1765 quae
323 1685 406 1747 habet
432 1705 547 1765 regnum
576 1705 659 1768 super
685 1677 906 1765 reges'ternae“
928 1683 1040 1762 (xvll,
1065 1683 1131 1762 18).
1175 1686 1250 1748 llaec

74 1799 175 1858 civitas
197 1795 285 1857 Roma
306 1803 351 1856 est
372 1797 532 1875 imperitans
555 1798 686 1857 uniuerso
707 1795 782 1866 orhi;
814 1803 844 1855 et
869 1779 949 1873 dctus
979 1803 1007 1856 et
1027 1797 1130 1856 cantica
1152 1797 1250 1856 trium-

73 1904 169 1986 phalia
184 1905 334 1966 ‘audiuntur
353 1906 380 1966 in
402 1877 480 1965 coelo
503 1914 531 1964 et
551 1905 580 1964 in
603 1914 675 1964 terra
696 1903 775 1977 (XV.
794 1941 833 1952 -
849 1902 979 1976 xvim).

158 2011 188 2072 P.
210 2011 246 2072 V.
268 2011 397 2073 Parantur
418 2015 528 2093 nuptiae
548 1987 630 2091 rigni.
652 2012 769 2089 Victor,
791 2015 870 2092 eujus
891 2030 994 2086 nomen,
1008 2021 1070 2072 est:
1094 2008 1249 2072 VERBUM

74 2122 159 2200 nai,
181 2121 305 2202 adparet.
337 2120 451 2182 lnchoat
466 2123 599 2200 judicium
621 2122 655 2183 de
676 2121 812 2198 inimicis;
833 2121 938 2183 bestiae
961 2121 996 2182 ad
1017 2120 1090 2182 mille
1111 2138 1197 2182 annos
1219 2124 1248 2182 in

73 2233 182 2308 abysso
212 2231 348 2307 ligantum
377 2233 504 2309 sequitur
532 2233 619 2312 prisma
649 2227 823 2291 resurrectio
845 2240 873 2291 et
893 2227 995 2290 Christi
1017 2241 1141 2306 regnum-
1154 2229 1249 2290 mille-

73 2341 199 2417 narium3
227 2339 336 2400 tandem
363 2338 499 2400 succedit
518 2340 608 2400 ultima
635 2357 728 2419 pugna
756 2341 917 2416 vastatoria,
947 2338 1041 2400 ultima
1069 2339 1248 2416 resurreetio,

69 2449 220 2528 judicium,
242 2446 350 2508 coelum
372 2465 475 2509 navum
497 2457 625 2528 terraque
645 2465 715 2510 nova
737 2456 765 2509 et
784 2447 939 2509 Jerusalem
961 2447 1084 2508 coeleste
1105 2444 1247 2518 (xlx...

72 2553 176 2633 XXII,
198 2554 250 2630 5)..

159 2663 192 2727 ln
215 2669 344 2744 ldpitopo
367 2664 475 2743 (XXII,
497 2662 630 2739 6-16)
660 2664 821 2725 confirmant
842 2663 959 2741 angelus
979 2670 1008 2723 et
1028 2658 1152 2742 Christus
1178 2663 1248 2742 ipse,

72 2779 146 2839 haee
167 2767 231 2835 esse
252 2774 410 2837 fidelissima
431 2783 458 2835 ct
479 2791 559 2852 uera3
581 2782 733 2852 sequuntur
754 2772 847 2833 ultima
868 2771 989 2833 auctoris
1010 2770 1102 2833 verba.

544 3051 546 3054 -
604 3005 638 3101 ¹i.
653 3003 710 3068 86.

420 3123 655 3240 statueremus
672 3164 902 3240 Apocalypsis..

155 3319 233 3380 Hanc
246 3319 329 3398 ‘quod
352 3320 463 3395 attinet,
487 3318 569 3379 facile
589 3317 759 3394 intelligitur,
781 3317 809 3376 in
830 3313 1000 3395 Apocalypsi
1021 3311 1077 3374 iata
1097 3311 1177 3388 regni
1195 3309 1247 3381 Dei

71 3428 218 3508 usquead
240 3431 500 3490 consummationem
521 3426 652 3507 depingit
680 3444 735 3505 qua
757 3434 847 3486 antem
868 3425 971 3484 ratione
992 3420 1021 3482 id
1042 3420 1106 3518 liat,
1136 3419 1248 3480 omniuo

70 3535 249 3598 dubitandum
271 3543 332 3596 est:
355 3553 451 3596 omnes
473 3537 544 3597 enim
552 3537 728 3616 interpretes
740 3532 833 3593 hac
825 3551 852 3592 m
873 3549 903 3591 re
917 3513 1063 3610 plurimum
1077 3527 1245 3606 discrepant.
1272 3576 1275 3581 .

155 3645 259 3707 Forsan
280 3645 493 3726 Apocalypseos
513 3663 620 3706 summa
641 3646 683 3704 sic
703 3642 828 3704 exhiberi
850 3640 962 3721 poterit:

155 3732 222 3816 Par's
242 3759 346 3832 primo
367 3755 554 3834 religionem
546 3753 755 3815 christianam
736 3771 773 3812 ιιι
799 3747 925 3828 generali
945 3746 1020 3808 sistit
1040 3717 1180 3821 tamquam
1197 3744 1247 3819 ju-

72 3869 172 3928 dicium
194 3865 289 3926 mundi
299 3910 311 3945 ,
334 3865 406 3946 quod
428 3882 495 3925 vero
516 3882 571 3926 non
593 3862 748 3944 perficitur,
771 3861 928 3940 priusquam
949 3839 1101 3916 electorum
1119 3869 1276 3942 uunrerus⁷
1337 3948 1339 3952 y

71 3976 156 4037 luerit
178 3974 341 4056 completus.
1285 3951 1291 3966 ’

153 4084 222 4144 Pars
251 4089 352 4145 attero
380 4081 514 4145 describit
541 4082 654 4163 primam
685 4078 832 4140 Ecclesiae
867 4072 1021 4156 epocham,
1050 4068 1183 4149 judicium
1212 4066 1247 4126 de

70 4195 225 4272 allegorico
247 4193 366 4254 Sodoma
388 4192 576 4267 (Jerusalem)
597 4209 648 4252 seu
669 4189 704 4251 de
724 4191 898 4263 macoma,
921 4202 1042 4264 quocum
1059 4198 1172 4258 regnum
1192 4177 1246 4238 liei

70 4302 218 4365 universali
239 4301 372 4364 historiae
392 4301 559 4383 implicatur.
