3070 4940
437 423 475 488 13
490 429 651 507 posteriori
679 427 849 505 sententiae,
884 425 922 490 tt
947 429 1029 508 priori
1056 429 1247 492 ascenduntur.
1295 428 1370 490 Inter
1398 429 1448 490 bos

434 539 519 598 etiam
549 536 613 615 llug
644 533 803 598 referendus
832 547 895 615 est,
926 555 978 598 nec
1005 555 1060 600 nnn
1080 537 1177 624 omnes
1198 540 1237 614 ii,
1266 541 1313 617 qui
1334 540 1448 620 primam

433 646 546 708 loannis
568 647 712 732 epistolam
735 647 838 708 litteras
857 649 1071 708 concomitantes
1086 636 1363 734 (meretricalem)
1385 667 1448 708 esse

301 781 305 791 ·
436 765 538 837 putant.
580 756 661 818 'laiss
693 765 782 818 autem
810 756 918 818 litterae
937 773 1038 838 reapse
1059 773 1114 818 non
1144 759 1368 830 assemanum
1397 757 1449 817 boc

302 911 309 926 .
434 867 514 948 etiam
536 866 601 928 dato
623 867 767 951 conclusio
788 884 844 929 non
873 868 983 943 stringit
990 887 999 944 ;
1036 884 1098 926 nam
1126 866 1246 927 loannes
1264 863 1448 943 Evangelium

435 995 515 1036 suum
534 985 608 1037 certe
629 995 682 1038 noo
703 994 753 1059 pro
774 975 844 1042 solis
860 974 988 1038 fidelibus
1002 974 1105 1055 Ephesi
1122 976 1376 1051 commorantibus,
1400 975 1449 1036 ssd

313 1162 318 1172 Ι
351 1113 355 1122 ,
435 1088 517 1146 etiem
539 1104 590 1166 pro
611 1085 737 1146 fidelibus
759 1088 834 1147 eirea
857 1085 1017 1166 Ephesum,
1049 1103 1084 1146 ac
1110 1084 1143 1146 ad
1173 1087 1243 1146 istos
1277 1087 1370 1164 utique
1389 1106 1451 1162 po-

435 1203 518 1256 terat
545 1194 627 1256 talem
657 1195 776 1273 dirigere
804 1195 961 1275 epistolam.
1006 1193 1060 1269 Qui
1087 1213 1154 1257 uero
1181 1193 1289 1274 Ephesi
1318 1197 1449 1276 seriptum

364 1345 368 1358 .
433 1303 522 1366 inisse
554 1313 746 1386 propugnant,
788 1304 874 1366 multo
909 1305 1008 1383 majori
1045 1305 1147 1386 pollent
1180 1307 1353 1366 anctoritate.
1399 1305 1450 1364 Pro

435 1413 521 1474 altera
542 1417 675 1475 sententia
704 1413 851 1496 praecipue
879 1412 976 1474 militet
1004 1414 1158 1494 ,synopsis
1179 1414 1286 1494 pseudo
1306 1413 1451 1473 -1atba-

434 1499 583 1601 nasianal‘,
617 1539 687 1602 quae
723 1521 903 1601 Evangelium
939 1525 965 1583 in
1001 1523 1087 1584 insula
1114 1521 1211 1586 Patmo
1247 1528 1393 1610 scriptum
1420 1543 1451 1584 an
1502 1585 1503 1596 ,

435 1631 537 1714 Ephesi
558 1633 663 1694 editum
684 1632 772 1716 lause
794 1633 922 1698 a'ilirmat.
982 1691 988 1700 ,

298 1791 302 1800 .
351 1742 380 1803 2.
403 1747 538 1820 Tempus
559 1743 686 1804 editionis
709 1743 902 1804 verosimiliter
931 1750 977 1803 est
1007 1743 1147 1802 saeculum
1168 1743 1284 1823 primum
1306 1743 1341 1804 ad
1367 1745 1449 1804 finem

270 1851 484 1940 vergensslloc
499 1853 639 1931 colligitur
658 1862 691 1930 a)
706 1873 747 1914 ece
761 1859 848 1927 loco‚·
869 1870 924 1931 qno
941 1860 1063 1931 tempore
1084 1853 1155 1937 enim
1176 1839 1276 1913 Paulus
1297 1853 1376 1928 vixit,
1400 1871 1451 1914 oen

272 1965 354 2024 etiam
375 1963 465 2044 paullo
487 1973 572 2044 post,
594 1964 717 2026 loannes
739 1962 844 2044 Ephesi
865 1980 920 2024 non
941 1963 1080 2042 reperitur
1087 1981 1097 2039 3
1118 1961 1154 2036 b)
1175 1979 1218 2022 cm
1241 1966 1396 2023 ulatione
1412 1969 1453 2022 cd

267 2073 379 2149 priora
409 2077 599 2151 Ecanyelic,
636 2090 707 2151 quae
730 2073 870 2148 tuncjam
893 2078 969 2131 erant
991 2071 1149 2152 conscripta
1170 2078 1213 2146 et,
1251 2078 1281 2130 ut
1307 2068 1450 2130 Eusebius

271 2180 372 2258 tradit,
404 2182 431 2241 in
451 2183 572 2241 omnium
594 2181 740 2258 manibus;
768 2185 795 2254 c)
818 2199 854 2240 ex
880 2189 1006 2260 tempore
1034 2189 1062 2240 et
1082 2184 1186 2240 indole
1207 2182 1450 2258 baereticorum,

270 2298 364 2350 eontra
393 2307 464 2368 quos
492 2292 624 2371 scripsitt
654 2290 688 2366 d)
717 2290 835 2370 denique
863 2309 898 2350 ex
925 2290 1051 2368 eJnsdem
1082 2294 1221 2368 epistolia
1248 2299 1376 2371 tempore
1396 2308 1451 2350 non
1495 2336 1501 2366 ,

269 2402 351 2460 nimis
375 2399 557 2477 distantibus,
580 2402 607 2461 in
629 2400 729 2479 quibus
752 2419 785 2462 se
802 2405 966 2488 sicciorem
988 2400 1135 2480 compellat
1155 2399 1204 2476 (ll.
1228 2419 1272 2481 ep.
1297 2419 1322 2461 v.
1336 2398 1394 2470 d).
1413 2433 1451 2444 ·-

270 2508 436 2576 verosimile
457 2517 547 2572 tamen
569 2518 631 2587 est,
653 2508 835 2588 Evangelium
856 2518 918 2572 ante
931 2509 1120 2589 Apocalypsin
1136 2511 1324 2591 conscriptum
1336 2509 1450 2585 ‚inisse3

270 2619 362 2682 forsan
384 2620 522 2701 prioribus
543 2622 620 2682 annis
641 2622 703 2682 noni
725 2629 792 2700 post
813 2617 879 2681 Chr.
903 2620 1037 2682 decennii.

312 2735 403 2792 Νοια.
433 2731 538 2810 Summi
560 2749 632 2792 vero
650 2733 786 2794 momenti¹
802 2729 848 2792 bic
861 2724 913 2791 'est
934 2738 1034 2804 natura
1054 2728 1177 2790 haeresis
1205 2729 1288 2798 illius,
1304 2730 1447 2810 temporis.

429 2839 525 2901 Prima
545 2842 609 2919 ejus
631 2841 797 2918 generatio,
820 2843 901 2917 quus
923 2842 1070 2918 imaginem
1084 2859 1150 2922 prae
1164 2841 1282 2902 caeteris
1298 2839 1444 2922 Apostolus

434 2948 522 3009 ludas
543 2957 572 3008 et
592 2949 619 3032 b.
642 2949 741 3011 Petrus
764 2948 816 3022 (ll.
839 2952 903 3029 ep.)
933 2950 1014 3012 nobis
1042 2949 1079 3012 ob
1109 2949 1205 3010 oculos
1234 2953 1351 3030 ponunt,
1388 2968 1449 3012 vera

436 3057 514 3137 palus
535 3066 594 3119 erat
615 3057 769 3120 dissolutae
787 3058 904 3120 libidinis
925 3067 967 3128 et¹
982 3060 1140 3121 insanientis
1168 3061 1310 3120 amentiae.
1354 3060 1450 3121 Altera

323 3187 327 3196 ¹
435 3186 521 3245 vern,
544 3186 628 3247 qnam
644 3171 793 3250 praecipue
809 3188 845 3230 er
859 3170 984 3250 epistolis
1004 3168 1159 3230 simonis
1175 3149 1315 3245 nouimus,
1337 3171 1451 3247 ingenio

434 3277 573 3363 excellens
597 3281 680 3339 certis
701 3279 847 3340 insistebat
860 3281 1022 3360 principiis,
1044 3281 1080 3339 ita
1103 3288 1133 3339 ut
1146 3278 1299 3360 Apostolus
1322 3279 1451 3357 ejusdem

436 3395 593 3449 sectatores
616 3387 763 3449 identidem
785 3388 1009 3463 ,Antichristos“
1031 3397 1206 3470 nuncuparet.
1229 3388 1266 3451 Et
1286 3398 1381 3450 contra
1397 3389 1452 3450 hos

435 3497 514 3575 ipsos
541 3495 721 3574 Euangelium
751 3497 883 3558 directum
916 3507 968 3558 est.
1019 3496 1135 3579 lusuper
1174 3498 1451 3574 omnesabaeretiei,
1502 3569 1503 3572 Ἴ

435 3622 505 3683 quos
527 3607 634 3668 nomine
656 3587 819 3687 compellai,
849 3605 902 3668 sub
923 3605 1004 3668 linem
1026 3609 1129 3669 saeculi
1141 3609 1230 3688 'primi
1253 3611 1387 3670 vixerunt.

249 3751 252 3756 ·
353 3709 383 3773 3.
407 3712 484 3792 Eos,
514 3715 614 3795 quibus
635 3719 795 3798 scripserit,
825 3735 955 3811 magnam
987 3698 1204 3798 partem'iuisse
1224 3725 1387 3780 credentes
1408 3740 1454 3781 cm

267 3827 454 3904 pestilibus,
488 3843 524 3885 ex
550 3827 629 3900 libro,
649 3829 711 3909 ipso
739 3829 909 3908 patet,1qui
936 3809 1055 3889 eontinet
1082 3828 1281 3919 deelarationes
1309 3831 1451 3906 locorum,

275 3949 383 4005 morum
406 3941 434 3993 et
454 3935 650 3996 vocabulorum
672 3936 784 3998 ludaeis
805 3945 850 3998 sat
880 3945 1004 3998 notorum
1011 3957 1021 4015 3
1050 3956 1076 3998 e.
1099 3956 1141 4016 gr.
1164 3937 1195 4016 2,
1219 3938 1249 4016 6,
1274 3935 1329 4015 13;
1359 3939 1393 4016 4,
1415 3941 1453 4017 9;

137 4081 141 4086 -
271 4040 302 4117 5,
323 4040 438 4119 2η-4;
459 4042 497 4120 6,
520 4041 557 4120 4;
593 4041 940 4121 tt,18;te,13uc.
972 4083 1009 4094 -
1042 4045 1085 4108 Ex
1110 4048 1278 4108 sublimitate
1307 4048 1454 4111 doctrinae

270 4153 375 4230 pariter
395 4161 491 4233 patet,
513 4152 626 4214 eosdem
648 4172 703 4216 non
726 4155 814 4216 luisse
835 4155 1008 4237 neophytos,
1037 4157 1089 4218 sed
1107 4129 1320 4235 provectiores
1341 4168 1400 4220 tum
1424 4163 1453 4220 io

270 4260 388 4322 scientia
410 4270 465 4322 tum
487 4264 515 4323 in
536 4263 591 4324 vita
613 4261 779 4327 christiania.
812 4305 853 4316 --
885 4264 930 4328 Ex
959 4267 1020 4330 loco
1045 4276 1074 4330 et
1094 4270 1306 4330 circumstantiis
1327 4270 1454 4351 deniqne
