<?xml version="1.0" encoding="UTF-8"?>
<!DOCTYPE html PUBLIC "-//W3C//DTD XHTML 1.0 Transitional//EN"
    "http://www.w3.org/TR/xhtml1/DTD/xhtml1-transitional.dtd">
<html xmlns="http://www.w3.org/1999/xhtml" xml:lang="en" lang="en">
 <head>
  <title>
</title>
<meta http-equiv="Content-Type" content="text/html;charset=utf-8" />
  <meta name='ocr-system' content='tesseract 3.04.00' />
  <meta name='ocr-capabilities' content='ocr_page ocr_carea ocr_par ocr_line ocrx_word'/>
</head>
<body>
  <div class='ocr_page' id='page_1' title='image "./introductioinli00messgoog_0149.png"; bbox 0 0 3034 4934; ppageno 0'>
   <div class='ocr_carea' id='block_1_1' title="bbox 290 313 350 379">
    <p class='ocr_par' dir='ltr' id='par_1_1' title="bbox 290 313 350 379">
     <span class='ocr_line' id='line_1_1' title="bbox 290 313 350 379; baseline 0.017 -1"><span class='ocrx_word' id='word_1_1' title='bbox 290 313 350 379; x_wconf 82' lang='lat' dir='ltr'><strong>tto</strong></span> 
     </span>
    </p>
   </div>
   <div class='ocr_carea' id='block_1_2' title="bbox 286 449 1449 887">
    <p class='ocr_par' dir='ltr' id='par_1_2' title="bbox 286 449 1449 887">
     <span class='ocr_line' id='line_1_2' title="bbox 287 449 1447 564; baseline -0.005 -24"><span class='ocrx_word' id='word_1_2' title='bbox 287 479 396 558; x_wconf 86' lang='lat' dir='ltr'><strong>quidem</strong></span> <span class='ocrx_word' id='word_1_3' title='bbox 422 479 487 564; x_wconf 81' lang='lat' dir='ltr'><strong>linio</strong></span> <span class='ocrx_word' id='word_1_4' title='bbox 507 475 631 538; x_wconf 90' lang='lat' dir='ltr'><strong>Concilio</strong></span> <span class='ocrx_word' id='word_1_5' title='bbox 661 479 767 538; x_wconf 90' lang='lat' dir='ltr'><strong>nonnisi</strong></span> <span class='ocrx_word' id='word_1_6' title='bbox 797 449 978 556; x_wconf 74' lang='lat' dir='ltr'><strong>quadraginta</strong></span> <span class='ocrx_word' id='word_1_7' title='bbox 1006 493 1058 536; x_wconf 83' lang='lat' dir='ltr'><strong>sex</strong></span> <span class='ocrx_word' id='word_1_8' title='bbox 1086 474 1226 555; x_wconf 77' lang='lat' dir='ltr'><strong>episcopi3</strong></span> <span class='ocrx_word' id='word_1_9' title='bbox 1254 481 1370 535; x_wconf 66' lang='lat' dir='ltr'><strong>amntem</strong></span> <span class='ocrx_word' id='word_1_10' title='bbox 1396 483 1447 534; x_wconf 83' lang='lat' dir='ltr'><strong>tnnc</strong></span> 
     </span>
     <span class='ocr_line' id='line_1_3' title="bbox 288 583 1446 662; baseline -0.004 -14"><span class='ocrx_word' id='word_1_11' title='bbox 288 585 383 649; x_wconf 88' lang='lat' dir='ltr'><strong>Canon</strong></span> <span class='ocrx_word' id='word_1_12' title='bbox 411 589 463 648; x_wconf 91' lang='lat' dir='ltr'><strong>iste</strong></span> <span class='ocrx_word' id='word_1_13' title='bbox 490 589 516 647; x_wconf 96' lang='lat' dir='ltr'><strong>in</strong></span> <span class='ocrx_word' id='word_1_14' title='bbox 537 583 677 648; x_wconf 66' lang='lat' dir='ltr'><strong>&amp;nonum</strong></span> <span class='ocrx_word' id='word_1_15' title='bbox 700 585 847 646; x_wconf 77' lang='lat' dir='ltr'><strong>Africanae</strong></span> <span class='ocrx_word' id='word_1_16' title='bbox 874 585 1013 646; x_wconf 86' lang='lat' dir='ltr'><strong>ecclcsiae</strong></span> <span class='ocrx_word' id='word_1_17' title='bbox 1041 584 1215 646; x_wconf 85' lang='lat' dir='ltr'><strong>collectiones</strong></span> <span class='ocrx_word' id='word_1_18' title='bbox 1232 592 1363 662; x_wconf 89' lang='lat' dir='ltr'><strong>receptus</strong></span> <span class='ocrx_word' id='word_1_19' title='bbox 1383 593 1409 642; x_wconf 90' lang='lat' dir='ltr'><strong>et</strong></span> <span class='ocrx_word' id='word_1_20' title='bbox 1426 587 1446 644; x_wconf 89' lang='lat' dir='ltr'><strong>in</strong></span> 
     </span>
     <span class='ocr_line' id='line_1_4' title="bbox 290 693 1449 778; baseline -0.003 -19"><span class='ocrx_word' id='word_1_21' title='bbox 290 700 383 778; x_wconf 88' lang='lat' dir='ltr'><strong>quinta</strong></span> <span class='ocrx_word' id='word_1_22' title='bbox 402 695 531 758; x_wconf 78' lang='lat' dir='ltr'><strong>Concilio</strong></span> <span class='ocrx_word' id='word_1_23' title='bbox 547 694 677 774; x_wconf 77' lang='lat' dir='ltr'><strong>Camhag.</strong></span> <span class='ocrx_word' id='word_1_24' title='bbox 699 705 739 773; x_wconf 81' lang='lat' dir='ltr'><strong>(a.</strong></span> <span class='ocrx_word' id='word_1_25' title='bbox 754 693 831 770; x_wconf 84' lang='grc'><strong>419)</strong></span> <span class='ocrx_word' id='word_1_26' title='bbox 853 713 870 756; x_wconf 90' lang='lat' dir='ltr'><strong>a</strong></span> <span class='ocrx_word' id='word_1_27' title='bbox 891 696 1017 756; x_wconf 85' lang='lat' dir='ltr'><strong>ducentis</strong></span> <span class='ocrx_word' id='word_1_28' title='bbox 1036 697 1178 776; x_wconf 84' lang='lat' dir='ltr'><strong>episcopis</strong></span> <span class='ocrx_word' id='word_1_29' title='bbox 1199 714 1229 756; x_wconf 91' lang='lat' dir='ltr'><strong>re</strong></span> <span class='ocrx_word' id='word_1_30' title='bbox 1250 696 1449 772; x_wconf 74' lang='lat' dir='ltr'><strong>diligentissime</strong></span> 
     </span>
     <span class='ocr_line' id='line_1_5' title="bbox 286 804 1052 887; baseline -0.003 -20"><span class='ocrx_word' id='word_1_31' title='bbox 286 815 452 887; x_wconf 86' lang='lat' dir='ltr'><strong>pertractata</strong></span> <span class='ocrx_word' id='word_1_32' title='bbox 474 809 571 867; x_wconf 91' lang='lat' dir='ltr'><strong>iterum</strong></span> <span class='ocrx_word' id='word_1_33' title='bbox 593 805 785 867; x_wconf 85' lang='lat' dir='ltr'><strong>solemnissime</strong></span> <span class='ocrx_word' id='word_1_34' title='bbox 804 804 979 865; x_wconf 85' lang='lat' dir='ltr'><strong>confirmatus</strong></span> <span class='ocrx_word' id='word_1_35' title='bbox 1002 814 1052 866; x_wconf 91' lang='lat' dir='ltr'><strong>est.</strong></span> 
     </span>
    </p>
   </div>
   <div class='ocr_carea' id='block_1_3' title="bbox 821 1033 918 1102">
    <p class='ocr_par' dir='ltr' id='par_1_3' title="bbox 821 1033 918 1102">
     <span class='ocr_line' id='line_1_6' title="bbox 821 1033 918 1102; baseline -0.062 0"><span class='ocrx_word' id='word_1_36' title='bbox 821 1037 848 1102; x_wconf 72' lang='lat' dir='ltr'><strong>S.</strong></span> <span class='ocrx_word' id='word_1_37' title='bbox 870 1033 918 1096; x_wconf 88' lang='grc'><strong>91.</strong></span> 
     </span>
    </p>
   </div>
   <div class='ocr_carea' id='block_1_4' title="bbox 560 1181 1187 1263">
    <p class='ocr_par' dir='ltr' id='par_1_4' title="bbox 560 1181 1187 1263">
     <span class='ocr_line' id='line_1_7' title="bbox 560 1181 1187 1263; baseline -0.005 -9"><span class='ocrx_word' id='word_1_38' title='bbox 560 1195 717 1255; x_wconf 81' lang='lat' dir='ltr'><strong>ostholloa</strong></span> <span class='ocrx_word' id='word_1_39' title='bbox 734 1194 822 1263; x_wconf 79' lang='lat' dir='ltr'><strong>intus</strong></span> <span class='ocrx_word' id='word_1_40' title='bbox 839 1192 969 1254; x_wconf 78' lang='lat' dir='ltr'><strong>(lenonis</strong></span> <span class='ocrx_word' id='word_1_41' title='bbox 992 1181 1187 1254; x_wconf 76' lang='lat' dir='ltr'><strong>conflrmatlo.</strong></span> 
     </span>
    </p>
   </div>
   <div class='ocr_carea' id='block_1_5' title="bbox 287 1345 1497 3565">
    <p class='ocr_par' dir='ltr' id='par_1_5' title="bbox 287 1345 1497 3565">
     <span class='ocr_line' id='line_1_8' title="bbox 370 1345 1450 1421; baseline -0.006 -13"><span class='ocrx_word' id='word_1_42' title='bbox 370 1347 447 1408; x_wconf 85' lang='lat' dir='ltr'><strong>llaec</strong></span> <span class='ocrx_word' id='word_1_43' title='bbox 469 1345 590 1407; x_wconf 85' lang='lat' dir='ltr'><strong>Camonis</strong></span> <span class='ocrx_word' id='word_1_44' title='bbox 612 1348 697 1407; x_wconf 90' lang='lat' dir='ltr'><strong>nostri</strong></span> <span class='ocrx_word' id='word_1_45' title='bbox 720 1347 892 1406; x_wconf 90' lang='lat' dir='ltr'><strong>conilrmatio</strong></span> <span class='ocrx_word' id='word_1_46' title='bbox 912 1345 1060 1406; x_wconf 86' lang='lat' dir='ltr'><strong>subsecuta</strong></span> <span class='ocrx_word' id='word_1_47' title='bbox 1087 1353 1129 1406; x_wconf 89' lang='lat' dir='ltr'><strong>est</strong></span> <span class='ocrx_word' id='word_1_48' title='bbox 1153 1347 1210 1420; x_wconf 90' lang='lat' dir='ltr'><strong>jam</strong></span> <span class='ocrx_word' id='word_1_49' title='bbox 1245 1353 1310 1405; x_wconf 90' lang='lat' dir='ltr'><strong>ante</strong></span> <span class='ocrx_word' id='word_1_50' title='bbox 1343 1346 1450 1421; x_wconf 86' lang='lat' dir='ltr'><strong>quintum</strong></span> 
     </span>
     <span class='ocr_line' id='line_1_9' title="bbox 288 1440 1451 1535; baseline -0.002 -20"><span class='ocrx_word' id='word_1_51' title='bbox 288 1458 358 1518; x_wconf 88' lang='lat' dir='ltr'><strong>istud</strong></span> <span class='ocrx_word' id='word_1_52' title='bbox 371 1453 522 1516; x_wconf 90' lang='lat' dir='ltr'><strong>Concilium</strong></span> <span class='ocrx_word' id='word_1_53' title='bbox 538 1452 669 1532; x_wconf 79' lang='lat' dir='ltr'><strong>Csrthag.</strong></span> <span class='ocrx_word' id='word_1_54' title='bbox 692 1473 740 1535; x_wconf 91' lang='lat' dir='ltr'><strong>per</strong></span> <span class='ocrx_word' id='word_1_55' title='bbox 755 1473 891 1516; x_wconf 88' lang='lat' dir='ltr'><strong>summurn</strong></span> <span class='ocrx_word' id='word_1_56' title='bbox 904 1440 1070 1515; x_wconf 74' lang='lat' dir='ltr'><strong>Pontilio&#39;em</strong></span> <span class='ocrx_word' id='word_1_57' title='bbox 1092 1452 1280 1514; x_wconf 88' lang='lat' dir='ltr'><strong>innocentium</strong></span> <span class='ocrx_word' id='word_1_58' title='bbox 1299 1453 1323 1512; x_wconf 92' lang='lat'><strong>1.</strong></span> <span class='ocrx_word' id='word_1_59' title='bbox 1348 1449 1451 1529; x_wconf 78' lang='lat'>(402-</span> 
     </span>
     <span class='ocr_line' id='line_1_10' title="bbox 288 1559 1497 1644; baseline -0.007 -20"><span class='ocrx_word' id='word_1_60' title='bbox 288 1560 362 1636; x_wconf 79' lang='grc'><strong>417)</strong></span> <span class='ocrx_word' id='word_1_61' title='bbox 395 1567 422 1624; x_wconf 91' lang='lat' dir='ltr'><strong>in</strong></span> <span class='ocrx_word' id='word_1_62' title='bbox 455 1562 572 1644; x_wconf 84' lang='lat' dir='ltr'><strong>epistola</strong></span> <span class='ocrx_word' id='word_1_63' title='bbox 600 1563 633 1622; x_wconf 83' lang='lat' dir='ltr'><strong>ad</strong></span> <span class='ocrx_word' id='word_1_64' title='bbox 658 1561 840 1642; x_wconf 79' lang='lat' dir='ltr'><strong>Exsuperium</strong></span> <span class='ocrx_word' id='word_1_65' title='bbox 868 1564 1027 1642; x_wconf 88' lang='lat' dir='ltr'><strong>episcopum</strong></span> <span class='ocrx_word' id='word_1_66' title='bbox 1054 1559 1266 1636; x_wconf 79' lang='lat' dir='ltr'><strong>Tolosctamum,</strong></span> <span class='ocrx_word' id='word_1_67' title='bbox 1301 1577 1384 1638; x_wconf 85' lang='lat' dir='ltr'><strong>quum</strong></span> <span class='ocrx_word' id='word_1_68' title='bbox 1410 1562 1452 1618; x_wconf 90' lang='lat' dir='ltr'><strong>iste</strong></span> <span class='ocrx_word' id='word_1_69' title='bbox 1496 1561 1497 1630; x_wconf 65' lang='lat' dir='ltr'><strong>l</strong></span> 
     </span>
     <span class='ocr_line' id='line_1_11' title="bbox 290 1665 1497 1750; baseline -0.006 -20"><span class='ocrx_word' id='word_1_70' title='bbox 290 1671 475 1749; x_wconf 85' lang='lat' dir='ltr'><strong>quaestionem</strong></span> <span class='ocrx_word' id='word_1_71' title='bbox 497 1669 633 1747; x_wconf 86' lang='lat' dir='ltr'><strong>quandam</strong></span> <span class='ocrx_word' id='word_1_72' title='bbox 657 1669 778 1750; x_wconf 79' lang='lat' dir='ltr'><strong>desuper</strong></span> <span class='ocrx_word' id='word_1_73' title='bbox 798 1671 942 1730; x_wconf 87' lang='lat' dir='ltr'><strong>mouisset.</strong></span> <span class='ocrx_word' id='word_1_74' title='bbox 983 1667 1042 1728; x_wconf 88' lang='lat' dir='ltr'><strong>&#39;lali</strong></span> <span class='ocrx_word' id='word_1_75' title='bbox 1073 1667 1154 1728; x_wconf 87' lang='lat' dir='ltr'><strong>modo</strong></span> <span class='ocrx_word' id='word_1_76' title='bbox 1179 1665 1310 1726; x_wconf 80' lang='lat' dir='ltr'><strong>Ecclesia</strong></span> <span class='ocrx_word' id='word_1_77' title='bbox 1340 1665 1453 1725; x_wconf 83' lang='lat' dir='ltr'><strong>Romana</strong></span> <span class='ocrx_word' id='word_1_78' title='bbox 1496 1667 1497 1746; x_wconf 74' lang='lat' dir='ltr'><strong>l</strong></span> 
     </span>
     <span class='ocr_line' id='line_1_12' title="bbox 287 1773 1454 1858; baseline -0.007 -20"><span class='ocrx_word' id='word_1_79' title='bbox 287 1795 367 1838; x_wconf 85' lang='lat' dir='ltr'><strong>suum</strong></span> <span class='ocrx_word' id='word_1_80' title='bbox 389 1778 505 1858; x_wconf 88' lang='lat' dir='ltr'><strong>protulit</strong></span> <span class='ocrx_word' id='word_1_81' title='bbox 522 1778 653 1854; x_wconf 91' lang='lat' dir='ltr'><strong>judicium</strong></span> <span class='ocrx_word' id='word_1_82' title='bbox 675 1787 703 1838; x_wconf 88' lang='lat' dir='ltr'><strong>et</strong></span> <span class='ocrx_word' id='word_1_83' title='bbox 723 1795 785 1838; x_wconf 90' lang='lat' dir='ltr'><strong>ourn</strong></span> <span class='ocrx_word' id='word_1_84' title='bbox 808 1778 903 1838; x_wconf 84' lang='lat' dir='ltr'><strong>eadem</strong></span> <span class='ocrx_word' id='word_1_85' title='bbox 927 1796 1023 1838; x_wconf 90' lang='lat' dir='ltr'><strong>omnes</strong></span> <span class='ocrx_word' id='word_1_86' title='bbox 1044 1777 1168 1856; x_wconf 84' lang='lat' dir='ltr'><strong>episcopi</strong></span> <span class='ocrx_word' id='word_1_87' title='bbox 1191 1773 1393 1846; x_wconf 84' lang='lat' dir='ltr'><strong>occidentales;</strong></span> <span class='ocrx_word' id='word_1_88' title='bbox 1419 1775 1454 1830; x_wconf 89' lang='lat' dir='ltr'><strong>sic</strong></span> 
     </span>
     <span class='ocr_line' id='line_1_13' title="bbox 287 1880 1455 1966; baseline -0.005 -20"><span class='ocrx_word' id='word_1_89' title='bbox 287 1886 441 1947; x_wconf 83' lang='lat' dir='ltr'><strong>cotltoit‘ca</strong></span> <span class='ocrx_word' id='word_1_90' title='bbox 470 1886 592 1966; x_wconf 86' lang='lat' dir='ltr'><strong>adparuit</strong></span> <span class='ocrx_word' id='word_1_91' title='bbox 620 1883 740 1946; x_wconf 86' lang='lat' dir='ltr'><strong>Cononis</strong></span> <span class='ocrx_word' id='word_1_92' title='bbox 768 1887 953 1962; x_wconf 77' lang='lat' dir='ltr'><strong>confirmatio,</strong></span> <span class='ocrx_word' id='word_1_93' title='bbox 991 1886 1096 1944; x_wconf 89' lang='lat' dir='ltr'><strong>etiamsi</strong></span> <span class='ocrx_word' id='word_1_94' title='bbox 1127 1880 1278 1944; x_wconf 82' lang='lat' dir='ltr'><strong>Concilium</strong></span> <span class='ocrx_word' id='word_1_95' title='bbox 1306 1881 1455 1942; x_wconf 82' lang='lat' dir='ltr'><strong>&#39;l&#39;rullannm</strong></span> 
     </span>
     <span class='ocr_line' id='line_1_14' title="bbox 287 1992 1008 2072; baseline 0 -19"><span class='ocrx_word' id='word_1_96' title='bbox 287 1996 329 2066; x_wconf 85' lang='lat' dir='ltr'><strong>(a.</strong></span> <span class='ocrx_word' id='word_1_97' title='bbox 352 1992 430 2068; x_wconf 84' lang='lat'>692)</span> <span class='ocrx_word' id='word_1_98' title='bbox 451 1996 564 2055; x_wconf 92' lang='lat' dir='ltr'><strong>orientis</strong></span> <span class='ocrx_word' id='word_1_99' title='bbox 584 1995 747 2072; x_wconf 75' lang='lat' dir='ltr'><strong>suffragium</strong></span> <span class='ocrx_word' id='word_1_100' title='bbox 768 2013 822 2056; x_wconf 96' lang='lat' dir='ltr'><strong>non</strong></span> <span class='ocrx_word' id='word_1_101' title='bbox 845 1992 1008 2056; x_wconf 82' lang='lat' dir='ltr'><strong>addidisset.</strong></span> 
     </span>
     <span class='ocr_line' id='line_1_15' title="bbox 377 2101 1460 2183; baseline 0 -21"><span class='ocrx_word' id='word_1_102' title='bbox 377 2103 418 2162; x_wconf 92' lang='lat' dir='ltr'><strong>lta</strong></span> <span class='ocrx_word' id='word_1_103' title='bbox 440 2121 486 2163; x_wconf 88' lang='lat' dir='ltr'><strong>res</strong></span> <span class='ocrx_word' id='word_1_104' title='bbox 507 2121 539 2162; x_wconf 90' lang='lat' dir='ltr'><strong>se</strong></span> <span class='ocrx_word' id='word_1_105' title='bbox 559 2101 654 2164; x_wconf 88' lang='lat' dir='ltr'><strong>habuit</strong></span> <span class='ocrx_word' id='word_1_106' title='bbox 676 2122 762 2183; x_wconf 84' lang='lat' dir='ltr'><strong>usqua</strong></span> <span class='ocrx_word' id='word_1_107' title='bbox 784 2103 819 2162; x_wconf 90' lang='lat' dir='ltr'><strong>ad</strong></span> <span class='ocrx_word' id='word_1_108' title='bbox 839 2102 981 2164; x_wconf 86' lang='lat' dir='ltr'><strong>saeculum</strong></span> <span class='ocrx_word' id='word_1_109' title='bbox 1003 2101 1097 2176; x_wconf 75' lang='lat' dir='ltr'>XVL,</span> <span class='ocrx_word' id='word_1_110' title='bbox 1129 2119 1184 2180; x_wconf 90' lang='lat' dir='ltr'><strong>quo</strong></span> <span class='ocrx_word' id='word_1_111' title='bbox 1205 2101 1335 2162; x_wconf 84' lang='lat' dir='ltr'><strong>haeretici</strong></span> <span class='ocrx_word' id='word_1_112' title='bbox 1358 2119 1460 2162; x_wconf 85' lang='lat' dir='ltr'><strong>sacram</strong></span> 
     </span>
     <span class='ocr_line' id='line_1_16' title="bbox 289 2207 1458 2289; baseline -0.002 -19"><span class='ocrx_word' id='word_1_113' title='bbox 289 2209 457 2288; x_wconf 81' lang='lat' dir='ltr'><strong>Scriptorum</strong></span> <span class='ocrx_word' id='word_1_114' title='bbox 486 2211 570 2289; x_wconf 91' lang='lat' dir='ltr'><strong>impia</strong></span> <span class='ocrx_word' id='word_1_115' title='bbox 599 2229 679 2272; x_wconf 90' lang='lat' dir='ltr'><strong>manu</strong></span> <span class='ocrx_word' id='word_1_116' title='bbox 708 2219 855 2272; x_wconf 74' lang='lat' dir='ltr'><strong>cruciantes</strong></span> <span class='ocrx_word' id='word_1_117' title='bbox 876 2219 1082 2272; x_wconf 84' lang='lat' dir='ltr'><strong>sacrosanctum</strong></span> <span class='ocrx_word' id='word_1_118' title='bbox 1105 2207 1256 2271; x_wconf 81' lang='lat' dir='ltr'><strong>Concilium</strong></span> <span class='ocrx_word' id='word_1_119' title='bbox 1277 2208 1458 2271; x_wconf 76' lang='lat' dir='ltr'><strong>Tridentinus</strong></span> 
     </span>
     <span class='ocr_line' id='line_1_17' title="bbox 289 2317 1497 2397; baseline -0.001 -20"><span class='ocrx_word' id='word_1_120' title='bbox 289 2326 439 2396; x_wconf 81' lang='lat' dir='ltr'><strong>coegerunt</strong></span> <span class='ocrx_word' id='word_1_121' title='bbox 466 2318 607 2394; x_wconf 84' lang='lat' dir='ltr'><strong>ultimum,</strong></span> <span class='ocrx_word' id='word_1_122' title='bbox 637 2328 666 2379; x_wconf 95' lang='lat' dir='ltr'><strong>ut</strong></span> <span class='ocrx_word' id='word_1_123' title='bbox 693 2321 730 2378; x_wconf 88' lang='lat' dir='ltr'><strong>ita</strong></span> <span class='ocrx_word' id='word_1_124' title='bbox 756 2319 862 2395; x_wconf 75' lang='lat' dir='ltr'><strong>dicam,</strong></span> <span class='ocrx_word' id='word_1_125' title='bbox 891 2318 994 2380; x_wconf 85' lang='lat' dir='ltr'><strong>Camoni</strong></span> <span class='ocrx_word' id='word_1_126' title='bbox 1016 2319 1104 2397; x_wconf 78' lang='lat' dir='ltr'><strong>ligere</strong></span> <span class='ocrx_word' id='word_1_127' title='bbox 1124 2319 1266 2396; x_wconf 84' lang='lat' dir='ltr'><strong>sigillum,</strong></span> <span class='ocrx_word' id='word_1_128' title='bbox 1293 2317 1460 2396; x_wconf 84' lang='lat' dir='ltr'><strong>eundemque</strong></span> <span class='ocrx_word' id='word_1_129' title='bbox 1496 2331 1497 2392; x_wconf 71' lang='lat' dir='ltr'>j</span> 
     </span>
     <span class='ocr_line' id='line_1_18' title="bbox 289 2425 1460 2507; baseline 0 -21"><span class='ocrx_word' id='word_1_130' title='bbox 289 2443 370 2500; x_wconf 84' lang='lat' dir='ltr'><strong>„curn</strong></span> <span class='ocrx_word' id='word_1_131' title='bbox 398 2425 523 2489; x_wconf 86' lang='lat' dir='ltr'><strong>omnibus</strong></span> <span class='ocrx_word' id='word_1_132' title='bbox 551 2427 691 2506; x_wconf 82' lang='lat' dir='ltr'><strong>partibus,</strong></span> <span class='ocrx_word' id='word_1_133' title='bbox 727 2436 806 2507; x_wconf 91' lang='lat' dir='ltr'><strong>prout</strong></span> <span class='ocrx_word' id='word_1_134' title='bbox 835 2429 862 2486; x_wconf 93' lang='lat' dir='ltr'><strong>in</strong></span> <span class='ocrx_word' id='word_1_135' title='bbox 885 2426 1001 2504; x_wconf 78' lang='lat' dir='ltr'><strong>Vulgata</strong></span> <span class='ocrx_word' id='word_1_136' title='bbox 1029 2427 1112 2488; x_wconf 75' lang='lat' dir='ltr'><strong>latinia</strong></span> <span class='ocrx_word' id='word_1_137' title='bbox 1140 2426 1273 2486; x_wconf 82' lang='lat' dir='ltr'><strong>liabetur“</strong></span> <span class='ocrx_word' id='word_1_138' title='bbox 1303 2427 1460 2488; x_wconf 85' lang='lat' dir='ltr'><strong>confirmare</strong></span> 
     </span>
     <span class='ocr_line' id='line_1_19' title="bbox 288 2533 1389 2609; baseline 0.002 -17"><span class='ocrx_word' id='word_1_139' title='bbox 288 2533 383 2609; x_wconf 84' lang='lat' dir='ltr'><strong>(Saos.</strong></span> <span class='ocrx_word' id='word_1_140' title='bbox 407 2533 480 2606; x_wconf 74' lang='grc' dir='ltr'><strong>Ν).</strong></span> <span class='ocrx_word' id='word_1_141' title='bbox 1386 2573 1389 2577; x_wconf 92' lang='grc'>-</span> 
     </span>
     <span class='ocr_line' id='line_1_20' title="bbox 330 2640 1497 2723; baseline 0.002 -21"><span class='ocrx_word' id='word_1_142' title='bbox 330 2648 421 2704; x_wconf 84' lang='lat' dir='ltr'><strong>Noto.</strong></span> <span class='ocrx_word' id='word_1_143' title='bbox 452 2642 497 2703; x_wconf 87' lang='lat' dir='ltr'><strong>Ci.</strong></span> <span class='ocrx_word' id='word_1_144' title='bbox 520 2644 555 2705; x_wconf 83' lang='lat' dir='ltr'><strong>A.</strong></span> <span class='ocrx_word' id='word_1_145' title='bbox 571 2643 720 2706; x_wconf 76' lang='lat' dir='ltr'><strong>Vincenti:</strong></span> <span class='ocrx_word' id='word_1_146' title='bbox 744 2645 840 2705; x_wconf 87' lang='lat' dir='ltr'><strong>Sessio</strong></span> <span class='ocrx_word' id='word_1_147' title='bbox 860 2652 956 2723; x_wconf 90' lang='lat' dir='ltr'><strong>quarta</strong></span> <span class='ocrx_word' id='word_1_148' title='bbox 979 2642 1096 2704; x_wconf 91' lang='lat' dir='ltr'><strong>Concilii</strong></span> <span class='ocrx_word' id='word_1_149' title='bbox 1117 2640 1236 2704; x_wconf 85' lang='lat' dir='ltr'><strong>Trident.</strong></span> <span class='ocrx_word' id='word_1_150' title='bbox 1259 2644 1399 2706; x_wconf 87' lang='lat' dir='ltr'><strong>vindicata</strong></span> <span class='ocrx_word' id='word_1_151' title='bbox 1413 2653 1460 2704; x_wconf 86' lang='lat' dir='ltr'><strong>eto.</strong></span> <span class='ocrx_word' id='word_1_152' title='bbox 1496 2679 1497 2690; x_wconf 30' lang='grc' dir='ltr'><strong>κ</strong></span> 
     </span>
     <span class='ocr_line' id='line_1_21' title="bbox 453 2749 1497 2815; baseline -0.005 -4"><span class='ocrx_word' id='word_1_153' title='bbox 453 2750 561 2812; x_wconf 86' lang='lat' dir='ltr'><strong>Romae</strong></span> <span class='ocrx_word' id='word_1_154' title='bbox 584 2749 673 2814; x_wconf 82' lang='grc'><strong>1842.</strong></span> <span class='ocrx_word' id='word_1_155' title='bbox 695 2751 798 2815; x_wconf 84' lang='lat' dir='ltr'><strong>2Vol.</strong></span> <span class='ocrx_word' id='word_1_156' title='bbox 1496 2771 1497 2806; x_wconf 85' lang='lat' dir='ltr'><strong>l</strong></span> 
     </span>
     <span class='ocr_line' id='line_1_22' title="bbox 373 2857 1464 2938; baseline -0.001 -19"><span class='ocrx_word' id='word_1_157' title='bbox 373 2857 543 2919; x_wconf 85' lang='lat' dir='ltr'><strong>Conveniunt</strong></span> <span class='ocrx_word' id='word_1_158' title='bbox 571 2861 655 2936; x_wconf 82' lang='lat' dir='ltr'><strong>igitur</strong></span> <span class='ocrx_word' id='word_1_159' title='bbox 684 2859 850 2920; x_wconf 85' lang='lat' dir='ltr'><strong>eruditorum</strong></span> <span class='ocrx_word' id='word_1_160' title='bbox 881 2859 1105 2938; x_wconf 80' lang='lat' dir='ltr'><strong>disquisitiones,</strong></span> <span class='ocrx_word' id='word_1_161' title='bbox 1136 2877 1306 2919; x_wconf 90' lang='lat' dir='ltr'><strong>summorum</strong></span> <span class='ocrx_word' id='word_1_162' title='bbox 1346 2863 1464 2922; x_wconf 85' lang='lat' dir='ltr'><strong>virorum</strong></span> 
     </span>
     <span class='ocr_line' id='line_1_23' title="bbox 288 2967 1465 3047; baseline 0 -19"><span class='ocrx_word' id='word_1_163' title='bbox 288 2967 538 3028; x_wconf 85' lang='lat' dir='ltr'><strong>ecclesiasticorum</strong></span> <span class='ocrx_word' id='word_1_164' title='bbox 576 2970 748 3042; x_wconf 75' lang='lat' dir='ltr'><strong>testimonia,</strong></span> <span class='ocrx_word' id='word_1_165' title='bbox 784 2971 966 3047; x_wconf 82' lang='lat' dir='ltr'><strong>conveniunt,</strong></span> <span class='ocrx_word' id='word_1_166' title='bbox 1002 2967 1074 3045; x_wconf 87' lang='lat' dir='ltr'><strong>quod</strong></span> <span class='ocrx_word' id='word_1_167' title='bbox 1099 2969 1213 3045; x_wconf 81' lang='lat' dir='ltr'><strong>majoris</strong></span> <span class='ocrx_word' id='word_1_168' title='bbox 1247 2977 1292 3028; x_wconf 88' lang='lat' dir='ltr'><strong>ast</strong></span> <span class='ocrx_word' id='word_1_169' title='bbox 1321 2973 1465 3030; x_wconf 88' lang='lat' dir='ltr'><strong>momenti.</strong></span> 
     </span>
     <span class='ocr_line' id='line_1_24' title="bbox 290 3069 1497 3155; baseline 0.002 -23"><span class='ocrx_word' id='word_1_170' title='bbox 290 3075 442 3133; x_wconf 88' lang='lat' dir='ltr'><strong>testimonia</strong></span> <span class='ocrx_word' id='word_1_171' title='bbox 464 3075 709 3152; x_wconf 85' lang='lat' dir='ltr'><strong>antiquissimarum</strong></span> <span class='ocrx_word' id='word_1_172' title='bbox 730 3084 758 3135; x_wconf 91' lang='lat' dir='ltr'><strong>et</strong></span> <span class='ocrx_word' id='word_1_173' title='bbox 772 3075 1010 3144; x_wconf 81' lang='lat' dir='ltr'><strong>celeberrimarum</strong></span> <span class='ocrx_word' id='word_1_174' title='bbox 1025 3075 1221 3151; x_wconf 80' lang='lat' dir='ltr'><strong>ecclesiarum,</strong></span> <span class='ocrx_word' id='word_1_175' title='bbox 1245 3075 1369 3154; x_wconf 79' lang='lat' dir='ltr'><strong>tandem,</strong></span> <span class='ocrx_word' id='word_1_176' title='bbox 1395 3076 1470 3155; x_wconf 85' lang='lat' dir='ltr'><strong>quod</strong></span> <span class='ocrx_word' id='word_1_177' title='bbox 1496 3069 1497 3074; x_wconf 66' lang='grc'>’</span> 
     </span>
     <span class='ocr_line' id='line_1_25' title="bbox 289 3183 1471 3263; baseline 0.003 -22"><span class='ocrx_word' id='word_1_178' title='bbox 289 3191 510 3258; x_wconf 72' lang='lat' dir='ltr'><strong>summum-est,</strong></span> <span class='ocrx_word' id='word_1_179' title='bbox 531 3185 716 3245; x_wconf 89' lang='lat' dir='ltr'><strong>testimonium</strong></span> <span class='ocrx_word' id='word_1_180' title='bbox 738 3185 820 3244; x_wconf 90' lang='lat' dir='ltr'><strong>totius</strong></span> <span class='ocrx_word' id='word_1_181' title='bbox 842 3183 987 3244; x_wconf 83' lang='lat' dir='ltr'><strong>Ecclesiae</strong></span> <span class='ocrx_word' id='word_1_182' title='bbox 1008 3183 1161 3245; x_wconf 86' lang='lat' dir='ltr'><strong>catholicae</strong></span> <span class='ocrx_word' id='word_1_183' title='bbox 1183 3193 1212 3243; x_wconf 88' lang='lat' dir='ltr'><strong>et</strong></span> <span class='ocrx_word' id='word_1_184' title='bbox 1232 3185 1355 3263; x_wconf 85' lang='lat' dir='ltr'><strong>Spiritus</strong></span> <span class='ocrx_word' id='word_1_185' title='bbox 1381 3189 1471 3246; x_wconf 88' lang='lat' dir='ltr'><strong>sancti</strong></span> 
     </span>
     <span class='ocr_line' id='line_1_26' title="bbox 290 3288 1472 3372; baseline 0.003 -23"><span class='ocrx_word' id='word_1_186' title='bbox 290 3288 379 3349; x_wconf 87' lang='lat' dir='ltr'><strong>eidem</strong></span> <span class='ocrx_word' id='word_1_187' title='bbox 401 3291 570 3366; x_wconf 81' lang='lat' dir='ltr'><strong>assistentis,</strong></span> <span class='ocrx_word' id='word_1_188' title='bbox 602 3291 700 3368; x_wconf 86' lang='lat' dir='ltr'><strong>quibos</strong></span> <span class='ocrx_word' id='word_1_189' title='bbox 721 3292 824 3352; x_wconf 82' lang='lat' dir='ltr'><strong>suffolti</strong></span> <span class='ocrx_word' id='word_1_190' title='bbox 851 3290 939 3352; x_wconf 89' lang='lat' dir='ltr'><strong>hosce</strong></span> <span class='ocrx_word' id='word_1_191' title='bbox 968 3292 1055 3355; x_wconf 87' lang='lat' dir='ltr'><strong>libros</strong></span> <span class='ocrx_word' id='word_1_192' title='bbox 1083 3309 1188 3370; x_wconf 81' lang='lat' dir='ltr'><strong>eosque</strong></span> <span class='ocrx_word' id='word_1_193' title='bbox 1216 3291 1296 3352; x_wconf 90' lang='lat' dir='ltr'><strong>solos</strong></span> <span class='ocrx_word' id='word_1_194' title='bbox 1330 3302 1472 3372; x_wconf 85' lang='lat' dir='ltr'><strong>tamquam</strong></span> 
     </span>
     <span class='ocr_line' id='line_1_27' title="bbox 291 3397 1472 3484; baseline 0.004 -28"><span class='ocrx_word' id='word_1_195' title='bbox 291 3403 401 3456; x_wconf 89' lang='lat' dir='ltr'><strong>sanctas</strong></span> <span class='ocrx_word' id='word_1_196' title='bbox 436 3406 465 3456; x_wconf 89' lang='lat' dir='ltr'><strong>et</strong></span> <span class='ocrx_word' id='word_1_197' title='bbox 499 3397 604 3458; x_wconf 86' lang='lat' dir='ltr'><strong>divinas</strong></span> <span class='ocrx_word' id='word_1_198' title='bbox 640 3400 798 3479; x_wconf 86' lang='lat' dir='ltr'><strong>Scripturas</strong></span> <span class='ocrx_word' id='word_1_199' title='bbox 834 3402 980 3479; x_wconf 86' lang='lat' dir='ltr'><strong>recipimus</strong></span> <span class='ocrx_word' id='word_1_200' title='bbox 1009 3409 1038 3462; x_wconf 92' lang='lat' dir='ltr'><strong>et</strong></span> <span class='ocrx_word' id='word_1_201' title='bbox 1066 3418 1235 3462; x_wconf 87' lang='lat' dir='ltr'><strong>veneramur.</strong></span> <span class='ocrx_word' id='word_1_202' title='bbox 1280 3401 1415 3484; x_wconf 86' lang='lat' dir='ltr'><strong>„Accipe</strong></span> <span class='ocrx_word' id='word_1_203' title='bbox 1448 3411 1472 3461; x_wconf 86' lang='lat' dir='ltr'><strong>et</strong></span> 
     </span>
     <span class='ocr_line' id='line_1_28' title="bbox 288 3503 426 3565; baseline 0.007 -1"><span class='ocrx_word' id='word_1_204' title='bbox 288 3503 426 3565; x_wconf 83' lang='lat' dir='ltr'><strong>devora“l</strong></span> 
     </span>
    </p>
   </div>
   <div class='ocr_carea' id='block_1_6' title="bbox 371 3586 1475 3697">
    <p class='ocr_par' dir='ltr' id='par_1_6' title="bbox 371 3586 1475 3697">
     <span class='ocr_line' id='line_1_29' title="bbox 371 3586 1475 3697; baseline 0.006 -24"><span class='ocrx_word' id='word_1_205' title='bbox 371 3612 494 3674; x_wconf 83' lang='lat' dir='ltr'><strong>Eandem</strong></span> <span class='ocrx_word' id='word_1_206' title='bbox 523 3615 711 3686; x_wconf 71' lang='lat' dir='ltr'><strong>auctoritatem</strong></span> <span class='ocrx_word' id='word_1_207' title='bbox 741 3616 871 3678; x_wconf 87' lang='lat' dir='ltr'><strong>Patres</strong></span> <span class='ocrx_word' id='word_1_208' title='bbox 864 3635 891 3676; x_wconf 85' lang='lat' dir='ltr'><strong>nn</strong></span> <span class='ocrx_word' id='word_1_209' title='bbox 914 3617 1018 3697; x_wconf 81' lang='lat' dir='ltr'><strong>Spiritu</strong></span> <span class='ocrx_word' id='word_1_210' title='bbox 1048 3637 1072 3678; x_wconf 87' lang='lat' dir='ltr'><strong>s.</strong></span> <span class='ocrx_word' id='word_1_211' title='bbox 1096 3586 1256 3696; x_wconf 79' lang='lat' dir='ltr'><strong>congregati</strong></span> <span class='ocrx_word' id='word_1_212' title='bbox 1277 3622 1368 3682; x_wconf 89' lang='lat' dir='ltr'><strong>etiarn</strong></span> <span class='ocrx_word' id='word_1_213' title='bbox 1392 3622 1475 3684; x_wconf 85' lang='lat' dir='ltr'><strong>libris</strong></span> 
     </span>
    </p>
   </div>
   <div class='ocr_carea' id='block_1_7' title="bbox 330 3787 1497 4345">
    <p class='ocr_par' dir='ltr' id='par_1_7' title="bbox 330 3787 1490 4345">
     <span class='ocr_line' id='line_1_30' title="bbox 330 3787 1481 3914; baseline 0.008 -24"><span class='ocrx_word' id='word_1_214' title='bbox 330 3834 422 3914; x_wconf 84' lang='lat' dir='ltr'><strong>Nota.</strong></span> <span class='ocrx_word' id='word_1_215' title='bbox 450 3830 495 3893; x_wconf 85' lang='lat' dir='ltr'><strong>Ad</strong></span> <span class='ocrx_word' id='word_1_216' title='bbox 515 3829 664 3892; x_wconf 85' lang='lat' dir='ltr'><strong>solvendas</strong></span> <span class='ocrx_word' id='word_1_217' title='bbox 686 3787 863 3910; x_wconf 85' lang='lat' dir='ltr'><strong>quaestiones</strong></span> <span class='ocrx_word' id='word_1_218' title='bbox 892 3833 926 3894; x_wconf 90' lang='lat' dir='ltr'><strong>de</strong></span> <span class='ocrx_word' id='word_1_219' title='bbox 955 3831 1068 3894; x_wconf 89' lang='lat' dir='ltr'><strong>Canone</strong></span> <span class='ocrx_word' id='word_1_220' title='bbox 1099 3833 1259 3894; x_wconf 90' lang='lat' dir='ltr'><strong>utilissimus</strong></span> <span class='ocrx_word' id='word_1_221' title='bbox 1286 3845 1386 3898; x_wconf 83' lang='lat' dir='ltr'><strong>exstat</strong></span> <span class='ocrx_word' id='word_1_222' title='bbox 1405 3839 1481 3898; x_wconf 87' lang='lat' dir='ltr'><strong>liber</strong></span> 
     </span>
     <span class='ocr_line' id='line_1_31' title="bbox 451 3938 1484 4018; baseline 0.008 -17"><span class='ocrx_word' id='word_1_223' title='bbox 451 3941 498 4018; x_wconf 84' lang='lat' dir='ltr'><strong>qui</strong></span> <span class='ocrx_word' id='word_1_224' title='bbox 530 3938 701 4017; x_wconf 85' lang='lat' dir='ltr'><strong>inscribitur.</strong></span> <span class='ocrx_word' id='word_1_225' title='bbox 737 3939 1007 4018; x_wconf 81' lang='lat' dir='ltr'><strong>Quellensammlung</strong></span> <span class='ocrx_word' id='word_1_226' title='bbox 1037 3961 1086 4002; x_wconf 82' lang='lat' dir='ltr'><strong>mur</strong></span> <span class='ocrx_word' id='word_1_227' title='bbox 1114 3940 1279 4004; x_wconf 87' lang='lat' dir='ltr'><strong>Ceschichte</strong></span> <span class='ocrx_word' id='word_1_228' title='bbox 1313 3945 1369 4006; x_wconf 86' lang='lat' dir='ltr'><strong>des</strong></span> <span class='ocrx_word' id='word_1_229' title='bbox 1402 3967 1484 4008; x_wconf 89' lang='lat' dir='ltr'><strong>meu-</strong></span> 
     </span>
     <span class='ocr_line' id='line_1_32' title="bbox 450 4046 1497 4133; baseline 0.013 -26"><span class='ocrx_word' id='word_1_230' title='bbox 450 4047 688 4112; x_wconf 85' lang='lat' dir='ltr'><strong>tostamentlichen</strong></span> <span class='ocrx_word' id='word_1_231' title='bbox 710 4046 834 4110; x_wconf 88' lang='lat' dir='ltr'><strong>Canons</strong></span> <span class='ocrx_word' id='word_1_232' title='bbox 849 4051 892 4113; x_wconf 88' lang='lat' dir='ltr'><strong>bis</strong></span> <span class='ocrx_word' id='word_1_233' title='bbox 921 4051 971 4112; x_wconf 89' lang='lat' dir='ltr'><strong>aui</strong></span> <span class='ocrx_word' id='word_1_234' title='bbox 989 4049 1182 4126; x_wconf 76' lang='lat' dir='ltr'><strong>Hieronymus</strong></span> <span class='ocrx_word' id='word_1_235' title='bbox 1225 4049 1497 4133; x_wconf 73' lang='lat' dir='ltr'><strong>llerausgegeben</strong></span> 
     </span>
     <span class='ocr_line' id='line_1_33' title="bbox 452 4155 1490 4236; baseline 0.015 -22"><span class='ocrx_word' id='word_1_236' title='bbox 452 4173 506 4218; x_wconf 93' lang='lat' dir='ltr'><strong>von</strong></span> <span class='ocrx_word' id='word_1_237' title='bbox 531 4155 595 4221; x_wconf 86' lang='lat' dir='ltr'><strong>Joh.</strong></span> <span class='ocrx_word' id='word_1_238' title='bbox 619 4156 802 4236; x_wconf 81' lang='lat' dir='ltr'><strong>llirolrhoier‚</strong></span> <span class='ocrx_word' id='word_1_239' title='bbox 834 4159 910 4220; x_wconf 78' lang='lat' dir='ltr'><strong>Psoi.</strong></span> <span class='ocrx_word' id='word_1_240' title='bbox 942 4160 991 4220; x_wconf 85' lang='lat' dir='ltr'><strong>der</strong></span> <span class='ocrx_word' id='word_1_241' title='bbox 1011 4158 1166 4236; x_wconf 77' lang='lat' dir='ltr'><strong>Theologie</strong></span> <span class='ocrx_word' id='word_1_242' title='bbox 1194 4179 1228 4220; x_wconf 84' lang='lat' dir='ltr'><strong>nu</strong></span> <span class='ocrx_word' id='word_1_243' title='bbox 1237 4161 1490 4230; x_wconf 82' lang='lat' dir='ltr'><strong>‘Sohailhausen</strong></span> 
     </span>
     <span class='ocr_line' id='line_1_34' title="bbox 452 4262 978 4345; baseline 0.004 -19"><span class='ocrx_word' id='word_1_244' title='bbox 452 4262 570 4341; x_wconf 73' lang='lat' dir='ltr'><strong>zurich,</strong></span> <span class='ocrx_word' id='word_1_245' title='bbox 595 4263 694 4328; x_wconf 88' lang='grc'><strong>1·.844</strong></span> <span class='ocrx_word' id='word_1_246' title='bbox 710 4266 808 4345; x_wconf 77' lang='lat' dir='ltr'><strong>lleyer</strong></span> <span class='ocrx_word' id='word_1_247' title='bbox 827 4280 856 4330; x_wconf 86' lang='lat' dir='ltr'><strong>et</strong></span> <span class='ocrx_word' id='word_1_248' title='bbox 877 4266 978 4330; x_wconf 83' lang='lat' dir='ltr'><strong>Zeller</strong></span> 
     </span>
    </p>
   </div>
   <div class='ocr_carea' id='block_1_8' title="bbox 0 0 1525 4934">
    <p class='ocr_par' dir='ltr' id='par_1_8' title="bbox 0 0 1525 4934">
     <span class='ocr_line' id='line_1_35' title="bbox 0 0 1525 4934; baseline 0 0"><span class='ocrx_word' id='word_1_249' title='bbox 0 0 1525 4934; x_wconf 95' lang='lat' dir='ltr'><strong> </strong></span> 
     </span>
    </p>
   </div>
  </div>
 </body>
</html>
