3070 4940
269 337 292 402 ⁸
921 387 964 467 a

331 503 359 566 b.
384 499 449 562 Neo
470 501 560 562 minus
588 497 698 560 confert
717 495 941 584 anteiitpentiae
961 499 990 557 ct
1009 492 1262 568 interpretationi
1288 489 1441 570 scriptura-

392 629 461 672 mm.
506 609 613 670 Etenim
643 609 669 668 in
697 605 870 686 expositione
903 603 1052 682 scripturae
1081 618 1193 679 semper
1222 602 1291 662 ratio
1317 597 1441 659 habenda

392 728 435 781 est
455 736 592 801 personae
614 717 771 797 loquentis,
801 719 846 791 qui
869 711 971 773 fuerint
992 709 1122 789 primitivi
1143 711 1281 784 lectores,
1311 707 1443 768 conside-

391 830 492 892 randae
513 837 577 888 sunt
595 827 729 906 temporis
750 832 778 884 et
806 823 927 884 locorum
955 819 1198 894 circumstantiae,
1227 819 1338 879 occasio
1366 818 1442 876 scri-

372 938 476 1020 bendi
504 945 581 1013 eto,
610 907 644 996 ud
670 933 875 996 hermeneutioa
901 930 992 990 docet.
1041 926 1120 1002 Quae
1146 928 1238 988 omnia
1263 925 1441 1000 introductio,

391 1057 520 1129 quantum
544 1046 602 1107 fleri
622 1049 731 1125 potest,
760 1039 916 1122 suppeditat
942 1047 971 1098 ct
997 1037 1076 1098 bisce
1103 1035 1274 1097 adminiculis
1304 1032 1441 1096 historicis

262 1167 265 1186 ‘
389 1175 474 1221 sanae
494 1154 710 1235 interpretationi
731 1151 812 1230 quasi
834 1147 1038 1209 fundamentum
1060 1147 1147 1206 struit.

349 1266 377 1330 2.
401 1265 512 1345 blaineis
532 1263 623 1332 adhue
646 1261 773 1324 monenti
795 1267 839 1320 est
858 1257 1045 1331 introductio,
1069 1262 1201 1335 quatenus
1224 1251 1342 1334 explicat
1360 1250 1441 1311 ideas

268 1381 293 1438 in
315 1397 341 1439 s.
371 1376 447 1440 libris
468 1382 627 1448 contentas,
650 1387 799 1448 earumque
824 1385 1001 1447 progressum
1023 1382 1176 1442 nexumque
1197 1364 1365 1440 organicum.
1388 1360 1443 1421 Per

267 1505 299 1546 se
327 1493 421 1566 patet,
453 1483 506 1544 boc
535 1484 649 1560 negotio
678 1481 851 1542 fructiferum
876 1454 1014 1539 sacrarum
1042 1475 1191 1534 litterarum
1219 1471 1337 1532 studium
1360 1491 1441 1551 quam

234 1633 236 1638 ·
267 1595 385 1656 maxime
400 1591 548 1671 adJuvari3
577 1590 729 1651 ostenditur
746 1591 824 1664 euim
846 1589 908 1664 via,
937 1603 990 1665 qua
1017 1582 1217 1664 ingrediamur,
1247 1590 1275 1642 et
1301 1597 1441 1641 sacromm

266 1704 396 1765 librorum
418 1703 495 1782 quasi
517 1702 633 1781 Spiritus
654 1700 804 1775 elucescit,
826 1717 861 1758 ne
877 1697 1050 1757 materiarum
1067 1692 1140 1753 moie
1153 1691 1310 1753 obruamur.
1329 1726 1363 1736 -
1382 1687 1442 1750 imo

267 1814 356 1891 majus
377 1811 477 1890 aliquid
497 1810 609 1871 edicere
631 1825 790 1889 possumus.
823 1804 991 1866 Introductio
1012 1804 1038 1863 in
1059 1819 1144 1862 sensu
1164 1809 1260 1862 nostro
1284 1798 1442 1878 conmodo

266 1920 422 1984 manuducit
442 1919 477 1981 ad
498 1921 642 1980 scientiam
664 1919 886 2005 Scripturarum,
915 1914 967 1974 sed
987 1916 1069 1974 bano
1089 1914 1251 2010 scientium
1271 1927 1344 1968 cere
1364 1927 1443 1968 con-

215 2053 218 2060 ’
265 2033 387 2108 stituit,
418 2045 480 2088 curn
508 2029 548 2088 sit
577 2026 692 2088 bistoria
718 2025 897 2087 revelationis
924 2042 960 2084 ex
990 2041 1014 2082 s.
1046 2003 1197 2101 Scriptura.
1247 2015 1321 2078 Talis
1349 2027 1440 2078 autern

266 2133 384 2200 scientia
405 2154 457 2198 non
479 2138 610 2220 minorem
632 2133 715 2196 habet
737 2133 897 2212 dignitatem
919 2134 945 2192 in
968 2129 1127 2207 theologia,
1149 2145 1229 2206 quam
1251 2127 1394 2206 Scriptura
1415 2146 1439 2188 s.

266 2248 295 2306 ιιι
315 2243 454 2305 Ecclesia.

810 2403 837 2470 ι.
861 2404 889 2465 5.

417 2553 575 2627 haectori
592 2554 719 2613 orantus
736 2551 854 2614 saeculi
871 2551 916 2610 ιιιι
935 2549 1145 2623 chronologica
1163 2547 1283 2607 iatiuitt

346 2663 416 2752 Cum
438 2691 464 2750 in
486 2691 583 2770 quavis
609 2690 669 2750 iere
695 2691 796 2771 pagina
825 2687 1031 2750 introductionis
1064 2686 1262 2765 chronologiae
1292 2687 1362 2768 ratio
1389 2688 1434 2749 ba-

263 2801 352 2864 benda
380 2803 434 2879 sit,
464 2803 579 2880 pmevie
608 2818 713 2862 summa
745 2799 869 2878 ejusdem
897 2798 1061 2860 lineamenta
1092 2797 1252 2878 describere
1274 2797 1362 2876 juvat.
1405 2795 1440 2856 Et
1524 2827 1525 2886 c

264 2912 351 2991 primo
373 2909 484 2990 quidem
507 2909 648 2972 historiam
670 2910 830 2990 profanam,
848 2907 953 2969 ¹deinde
974 2924 1083 2970 sacram
1104 2909 1295 2987 respiciemus.

297 3045 298 3048 ¹
349 3016 376 3078 ι.
405 3013 787 3097 Imperatorea’iiomoni.
817 3015 995 3078 Notissimum
1032 3025 1094 3093 est,
1133 3016 1239 3078 Romae
1275 3024 1441 3097 potestatem

264 3128 378 3190 saeculo
398 3128 467 3189 Jesu
489 3125 590 3190 Christi
612 3128 647 3190 ad
668 3146 806 3194 summum
834 3129 940 3208 apicem
971 3129 1150 3206 pervenisse,
1181 3127 1259 3188 simui
1288 3135 1377 3188 autem
1403 3125 1442 3186 ad

264 3256 398 3300 occasum
427 3257 548 3317 vergere
577 3241 714 3320 coepisse.
758 3237 885 3300 Omnium
916 3239 1036 3314 gentium
1067 3255 1134 3318 opes
1164 3238 1301 3320 inunum
1331 3243 1442 3297 vastum
1524 3257 1525 3264 ¹

265 3349 407 3430 imperium
428 3345 634 3425 conduxerant,
666 3327 746 3426 odjus
775 3355 856 3429 caput
884 3345 971 3408 Roma
1001 3347 1058 3410 iuit.
1103 3348 1190 3408 Simul
1221 3350 1248 3408 in
1276 3345 1351 3408 Urbe
1379 3348 1442 3425 ipsa
1524 3335 1525 3353 ¹

264 3433 371 3517 summa
400 3474 489 3517 rerum
518 3459 544 3517 in
574 3459 652 3518 unius
680 3475 760 3518 manu
788 3455 882 3537 posita
899 3463 975 3531 erat,
1006 3475 1040 3516 ex
1061 3473 1116 3536 quo
1139 3455 1297 3518 monarchia
1318 3457 1443 3518 instituta

264 3575 318 3626 est.
348 3563 429 3640 Quod
450 3566 561 3645 quidem
583 3585 635 3628 non
657 3566 835 3627 mediocriter
856 3565 919 3626 iidei
941 3564 1095 3627 catholicae
1115 3567 1193 3626 viam·
1210 3565 1335 3646 parabat,
1357 3566 1442 3628 simui

264 3682 353 3736 autem
375 3684 403 3735 et
423 3693 528 3756 pugnas
549 3678 728 3754 gravissimas
751 3677 933 3738 minitabatur.

349 3783 453 3844 Primum
476 3782 580 3845 Romae
608 3787 758 3866 imperator
786 3785 838 3847 iuit
867 3783 898 3846 Ο.
922 3790 1114 3849 Octauianus
1141 3789 1306 3860 Amometus
1311 3831 1324 3866 ,
1357 3794 1444 3866 post-

264 3909 345 3972 quam
382 3892 516 3965 Antonius
547 3911 619 3956 auno
653 3913 679 3955 a.
706 3894 740 3956 U.
770 3914 794 3956 c.
826 3893 886 3957 723
916 3899 942 3959 in
969 3916 1063 3979 pugna
1091 3869 1207 3958 Actiacd
1244 3899 1332 3958 victus
1370 3907 1442 3958 erat.

263 3999 405 4078 Regnavit
427 4018 517 4080 usque
540 4001 574 4063 ad
596 4021 695 4064 annum
711 4002 772 4066 767
789 4004 822 4066 U.
834 4025 874 4083 ιι,
901 4004 948 4069 14.
971 4025 1051 4068 aerae
1072 4006 1205 4084 vulgaria.
1226 4004 1348 4066 Pacatus
1362 4005 1444 4067 orbis

264 4117 405 4194 terrarum.
449 4105 539 4172 Curae
571 4110 607 4172 de
636 4113 828 4193 descriptione
863 4117 968 4194 imperii
1004 4112 1166 4195 (debititate
1194 4109 1441 4198 isscriebtungrn).

264 4217 450 4280 lnstitmiones
471 4222 499 4280 in
522 4219 676 4282 Palaestina
697 4239 746 4302 per
768 4241 849 4300 reges
871 4233 900 4284 et
914 4233 1116 4303 procuratores.
1159 4217 1380 4318 (dictinius
1403 4243 1442 4286 eo

262 4334 396 4406 regnante
416 4335 504 4389 oanis.
