3070 4940
1234 339 1274 406 41
1331 313 1335 340 ¹

103 502 211 564 divium
232 499 426 586 (χρηστότης
445 501 499 564 καὶ
515 500 755 586 φιλανθρωπία
776 499 998 598 τοῦ·’σωτῆρος
1012 499 1111 588 ἡμῶν.
1131 502 1183 564 Tit.
1194 499 1226 581 3,
1240 501 1275 580 4)

102 614 249 712 participes
271 611 412 689 efiiceret3
442 613 505 672 item
534 631 570 673 ex
591 620 670 691 parte
690 611 842 690 subjectiva
864 615 883 672 i.
906 631 931 672 e.
961 612 1118 675 homiuum:
1139 625 1277 690 ‘succep-

104 725 217 781 tiooem
234 726 358 794 gratiae
387 728 415 780 et
443 722 523 782 uitam
553 722 659 798 gratiam
688 739 704 781 a
734 723 803 784 suis,
819 720 957 782 radicibus
979 738 1067 800 usque
1088 721 1122 782 ad
1143 739 1278 782 consum-

103 830 260 891 mationem.
395 826 400 838 '
1023 841 1030 850 '
1111 821 1115 828 ’

185 963 215 1026 3.
238 965 315 1027 Hanc
335 984 399 1026 esse
421 969 577 1046 primariam
606 968 797 1028 intentionem·
812 965 975 1044 Evangelii,
1005 985 1040 1027 en
1069 968 1186 1045 singulis
1216 969 1275 1045 ejus

102 1075 225 1156 partibus
248 1076 329 1137 facilc
350 1075 530 1137 demonstrari
553 1084 651 1157 potest.
1058 1072 1068 1090 ⁸

166 1217 191 1258 a.
225 1197 344 1260 Historia
367 1200 495 1260 infantiae
517 1200 580 1280 quid
603 1209 666 1276 est,
690 1203 743 1262 nisi
766 1204 859 1278 imago
883 1198 1049 1262 viridissima
1063 1198 1123 1260 Filii
1139 1200 1191 1261 Dei
1211 1219 1277 1261 sese
1349 1231 1352 1238 ·

194 1391 197 1396 μ
227 1309 428 1383 exinanientis,
450 1309 565 1369 iormam
586 1312 659 1369 servi
683 1311 902 1391 accipientis-
925 1318 953 1368 et
974 1327 1070 1369 aurora
1093 1311 1201 1386 gratiae
1223 1307 1277 1369 hu-

2 1487 3 1498 ,
199 1397 340 1479 'milibus'
356 1393 495 1478 obieritis?
519 1416 557 1494 (Ι.
584 1418 640 1493 ΙΙ.)

5 1591 9 1603 ,
119 1606 128 1622 Ι
164 1529 190 1589 b.
223 1526 387 1607 Priusquam
416 1529 498 1606 vitam
530 1528 666 1611 publicam
696 1527 863 1604 ingreditur,
898 1529 967 1589 liber
988 1529 1170 1605 generationis
1193 1525 1301 1600 (tiit

5 1608 8 1626 ’
226 1657 287 1697 eum
319 1636 402 1697 nobis
430 1613 554 1700 ostendit
582 1657 636 1697 non
666 1646 694 1696 ut
723 1637 808 1698 lilium
831 1637 920 1698 David
949 1646 977 1698 et
1007 1637 1145 1716 Abraham
1174 1637 1276 1712 solum,

226 1747 301 1806 velut
323 1745 496 1823 Matthaeus,
519 1745 571 1806 sed
589 1729 618 1806 'ut
632 1748 731 1820 filium
745 1748 846 1808 Adam
861 1749 877 1809 i.
894 1765 919 1806 e.
940 1765 1034 1806 revera
1050 1745 1133 1806 fllium
1146 1745 1275 1808 hominis.

164 1875 189 1916 c.
222 1855 313 1916 Vitam
350 1855 488 1935 publicam
529 1874 629 1920 revera,
668 1857 761 1936 incipit
803 1861 1048 1942 evangelizando
1082 1849 1277 1932 paoperibus

171 1957 176 1991 ¹
227 1962 274 2040 (4,
300 1962 369 2041 18);
398 1965 488 2046 pergit
516 1965 697 2044 impertiendo
725 1967 841 2042 gratiam
870 1975 898 2026 et
927 1964 1141 2026 misericordiam
1166 1965 1275 2024 miseris

225 2075 314 2134 omnis
337 2077 468 2152 generis,
490 2077 639 2155 praecipue
663 2074 857 2154 peccatoribus
879 2071 992 2150 (·vii.);
1024 2083 1051 2134 et
1080 2073 1133 2134 hoc
1161 2073 1277 2133 maxime
1366 2113 1368 2118 -

227 2204 299 2266 opus
321 2186 382 2262 ejus
404 2184 566 2259 imstratur,
598 2184 670 2262 quod
693 2182 790 2244 ludaei
813 2186 918 2262 gratiae
947 2192 975 2244 et
1001 2183 1140 2244 charitatis
1170 2181 1276 2243 divinae

225 2304 287 2355 sunt
307 2297 456 2374 incapaces
478 2289 535 2366 (iv
550 2325 586 2338 -
601 2290 677 2367 IX.).

162 2405 189 2467 d.
223 2405 288 2466 Pars
320 2404 404 2465 altera
433 2405 504 2465 vitae
532 2401 664 2484 publicae
691 2402 756 2482 quid
793 2406 882 2481 magis
913 2403 993 2464 nobis
1024 2403 1159 2478 ostendit,
1195 2420 1275 2481 quam
1303 2444 1306 2450 ·

224 2517 336 2574 vecisse
351 2511 452 2586 Filium
467 2512 586 2573 hominis
601 2501 734 2591 quaerere
748 2521 775 2572 et
790 2511 897 2574 saluum
913 2511 1024 2589 iacere,
1045 2511 1120 2592 quod
1134 2511 1276 2592 perierat?
1335 2585 1337 2589 Ι

225 2626 343 2700 gratiam
366 2641 382 2682 a
402 2609 533 2702 superbis
556 2625 687 2700 rejectam
711 2621 863 2683 humilibus
886 2623 1000 2698 offerri,
1022 2622 1133 2683 scilicet
1154 2624 1274 2700 miseris,

225 2709 391 2810 gentilibus,
413 2731 629 2813 peccatoribus?
652 2730 856 2804 (ix-xvii.)

164 2861 189 2903 e.
222 2840 282 2902 Hoc
303 2843 391 2920 ipsum
414 2858 479 2920 pars
502 2843 583 2926 tertia
606 2859 657 2902 nos
679 2825 791 2918 edocet,
813 2853 841 2904 et
863 2843 888 2903 in
912 2844 945 2902 iis
968 2842 1096 2915 maxime,
1120 2857 1190 2918 quae
1211 2838 1277 2900 huic

224 2939 377 3030 Evangelio
398 2960 461 3013 suut
480 2952 638 3033 peculiaria,
660 2971 686 3014 e.
706 2972 736 3031 g.
761 2953 875 3014 historia
891 2951 1022 3028 Zachaei,
1047 2951 1176 3011 lacrimae
1194 2967 1277 3030 super

222 3059 396 3137 Jerusalem3
417 3060 504 3142 sudor
524 3063 685 3138 sanguinis,
708 3064 830 3142 precatio
846 3059 948 3124 Christi
970 3063 997 3122 in
1019 3078 1103 3120 cruce
1122 3058 1276 3140 pendentis,

223 3171 372 3250 promissio
393 3171 490 3260 latroni
515 3170 588 3230 iacta
609 3181 663 3231 etc.

163 3281 181 3344 i.
218 3280 316 3343 hlissio
336 3269 456 3359 denique
486 3280 701 3370 Apostolorum,
730 3281 894 3362 praedicare
917 3284 1140 3358 poeaitentiam
1170 3287 1201 3340 et
1224 3297 1277 3340 re·

222 3396 396 3453 missionem
416 3400 616 3468 peccatorum
637 3393 763 3453 omnibus
785 3391 923 3470 gentibus.

181 3526 210 3588 4.
233 3527 264 3588 ln
285 3532 343 3590 hoc
365 3531 485 3590 maxime
509 3547 597 3590 nexus
611 3539 722 3610 apparet
737 3531 805 3591 inter
820 3529 932 3590 Paulum
954 3537 982 3587 et
997 3526 1109 3587 Lucam.
1134 3523 1276 3601 Quemad-

99 3636 210 3698 modum
240 3638 341 3699 Paulus
373 3639 517 3719 praedicat
549 3637 752 3716 antepartum
782 3645 907 3714 proriae
944 3636 1072 3699 omnibus
1104 3634 1274 3710 hominibus,

97 3746 206 3823 Judaec
229 3749 345 3827 primum
365 3757 392 3808 et
407 3746 532 3812 Graeco:
555 3753 590 3813 ita
612 3750 700 3812 Lucas
721 3755 866 3815 ltiotcrtce
888 3749 967 3816 nobis
990 3746 1121 3808 describit
1136 3743 1275 3805 Christum

100 3865 129 3916 ut
151 3855 253 3917 iontem
275 3865 302 3916 et
322 3859 486 3938 principium
507 3859 589 3937 hujus
610 3863 715 3939 gratiae

142 3995 232 4052 Noto.
261 3991 387 4055 internus
410 3995 491 4074 hujus
512 3995 657 4074 Evangelii
681 4015 744 4058 cum
765 3995 902 4078 prioribus
924 4011 1010 4056 uenus
1040 3990 1085 4052 hic
1112 3999 1170 4051 est:
1203 3987 1276 4050 llat—

265 4102 362 4165 thaeus
376 4104 510 4167 describit
525 4112 730 4181 monopolium
743 4111 831 4180 repon·
852 4109 1019 4182 coelorum,
1043 4100 1155 4164 hlarcus
1168 4104 1291 4159 Ecca-⁴

262 4217 374 4283 pelium
395 4219 470 4276 iiiiii
491 4221 550 4276 Dei
567 4225 595 4278 et
617 4217 690 4288 fidei
696 4261 708 4295 ,
730 4215 819 4278 Lucas
834 4218 1037 4287 dometium
1052 4214 1128 4272 litto
1145 4213 1277 4270 martinia

142 4375 144 4386 .
263 4330 294 4383 et
310 4328 435 4395 prutina
455 4354 495 4372 -
517 4330 724 4398 monmeliant
743 4334 952 4408 peccatoram.
979 4359 1019 4370 -
1048 4318 1275 4404 RelatioLucam
