3070 4940
762 503 1005 650 'caputiis
1077 571 1119 616 ἰ
1216 588 1222 598 ·
1323 593 1327 600 -

535 733 773 834 Euangelium
801 735 1000 808 secundum
1026 733 1217 807 Joannem.

830 919 859 986 b.
881 917 930 982 tl.
1017 969 1021 980 ,

384 1065 414 1124 Ι.
431 1065 565 1125 locum
583 1066 708 1138 olomuc
725 1065 916 1137 mensumn
934 1079 952 1126 c
969 1079 996 1126 s.
1015 1067 1172 1138 sculpture
1189 1013 1386 1136 veterumque

465 1181 471 1194 ·
784 1161 974 1221 testimoniis.

378 1308 404 1372 l.
426 1309 547 1374 Jocnnes
569 1311 706 1374 Zebedaei
735 1321 763 1374 ct
784 1313 910 1375 Sclcmes
939 1312 1029 1389 filius,
1057 1312 1140 1377 irater
1167 1320 1259 1372 nutem
1280 1311 1377 1374 lucebi
1402 1327 1448 1369 nu-

288 1421 381 1497 joris‚
403 1421 522 1502 piscator
542 1420 576 1484 sd
599 1440 673 1484 mere
695 1421 845 1485 Gelilueum
867 1423 928 1485 luit.
950 1422 1041 1485 Primo
1062 1422 1174 1483 lunonis
1197 1421 1278 1501 Bupt.
1304 1421 1447 1498 discipulus,

294 1529 350 1590 lunc
379 1538 548 1592 monstrante
565 1531 651 1610 'illico
680 1532 823 1593 Dominum
854 1541 969 1592 secutus
996 1541 1056 1607 est,
1091 1541 1120 1592 et
1147 1533 1252 1611 primus
1273 1548 1336 1591 cum
1358 1527 1448 1589 Andro

293 1639 357 1701 lldei
380 1637 474 1700 lumen
496 1643 625 1721 concepit
647 1640 757 1715 (locun.
784 1638 812 1719 l,
834 1637 984 1716 36-41).
1019 1640 1120 1701 Postea
1142 1659 1157 1700 u
1179 1640 1297 1700 Domino
1318 1636 1447 1716 discipulus

277 1753 537 1826 uocstusp'omniu
558 1769 620 1812 curn
642 1760 720 1832 patre
742 1752 869 1831 reliquit,
893 1770 944 1813 nec
967 1769 1081 1830 unquam
1101 1750 1205 1814 exinde
1226 1749 1261 1811 ub
1276 1769 1313 1810 ec
1329 1748 1447 1810 discessit.

292 1879 308 1922 c
337 1878 392 1939 quo
420 1857 538 1940 denique
567 1863 637 1922 inter
658 1860 815 1944 Apostolos
843 1862 1005 1922 constitutus
1034 1870 1078 1922 est
1111 1860 1192 1934 (buc.
1215 1859 1250 1919 V.
1273 1859 1351 1932 vl).
1393 1855 1447 1916 lnier

293 1971 448 2051 Apostolos
476 1971 598 2034 altiorem
629 1972 719 2032 locum
750 1970 880 2046 obtinuit,
910 1972 1015 2050 quippe
1043 1971 1090 2048 qui
1117 1987 1178 2029 cum
1200 1968 1284 2030 Petro
1312 1976 1341 2028 et
1361 1963 1447 2026 lucubo

293 2078 409 2140 Domino
430 2080 588 2161 arctissime
609 2081 822 2158 conjungeretur
839 2089 868 2140 et
889 2081 958 2140 inter
974 2078 1026 2140 hos
1041 2078 1157 2140 Domino
1171 2081 1358 2140 amicissimus
1372 2073 1444 2135 lueri.

293 2186 370 2249 Unde
391 2189 514 2268 scipsum
538 2197 673 2268 nuncupat
694 2188 896 2269 „discipulum
926 2207 1006 2268 quem
1037 2189 1170 2267 diligebat
1190 2189 1294 2249 ,Ιιιειιειι
1319 2182 1388 2265 (13,“
1404 2177 1446 2254 23;

295 2293 345 2372 19,
368 2295 426 2374 26;
449 2293 501 2372 ti,
522 2293 552 2359 7.
576 2294 650 2374 20);
673 2299 701 2364 in
720 2299 870 2358 novissima
892 2311 979 2358 coeno
994 2293 1075 2378 supra¹
1096 2291 1192 2379 pect'us
1205 2297 1316 2358 Domini
1333 2272 1445 2362 recubuit,

292 2413 320 2466 et
337 2407 414 2484 juxte
437 2423 547 2467 crucem
569 2403 684 2466 lintrem
706 2405 815 2467 Domini
837 2408 916 2485 quusi
939 2414 1106 2468 testamento
1128 2408 1242 2488 accepit.
1264 2403 1334 2466 Post
1354 2403 1445 2462 eliusuu

293 2515 422 2596 Spiritum
438 2533 476 2581 as.
508 2515 639 2576 eundem·
654 2518 725 2576 iuter
755 2517 898 2598 primarios
920 2515 1064 2576 Ecclesiae
1086 2513 1306 2597 propugnatores
1330 2511 1446 2591 conspici-

292 2641 362 2684 mus.
390 2622 455 2707 lpse
476 2609 548 2685 enim
572 2628 677 2705 primus
701 2643 763 2686 cum
784 2623 866 2686 Petro
887 2624 949 2686 unte
969 2609 1132 2702 synedrium
1149 2629 1255 2687 sistitur
1262 2645 1271 2702 3
1294 2633 1388 2706 postes
1403 2634 1445 2678 cun

293 2734 435 2813 Apostolis
463 2725 635 2814 llugellotur3
658 2743 728 2796 'cum
744 2734 839 2796 ‘Petro
867 2737 982 2795 mittitur
1010 2735 1179 2818 Summum,
1208 2743 1235 2794 et
1256 2753 1272 2795 e
1290 2734 1378 2796 Paulo
1397 2732 1445 2790 inm

292 2842 433 2904 columnus
461 2842 608 2904 Ecclesiae
637 2852 793 2905 numeretur
822 2843 898 2917 (Gal.
921 2842 979 2919 2..)
1023 2845 1065 2906 De
1092 2843 1289 2927 posterioribus
1320 2845 1379 2921 ejus
1399 2836 1442 2896 lull

292 2969 317 3012 s,
351 2953 490 3032 Scriptum
519 2951 635 3031 pauculo
669 2951 769 3029 hubet3
802 2952 914 3031 supplet
950 2960 1042 3035 entem
1067 2941 1192 3013 traditio.
1236 2950 1369 3013 'lestunte
1395 2945 1445 3008 euim

292 3060 406 3122 lrenueo
435 3061 462 3121 in
489 3079 595 3121 summu
623 3067 770 3122 senectute
792 3059 898 3141 Ephesi
927 3061 995 3121 vixit
1022 3079 1109 3140 usquc
1138 3036 1179 3122 ad·
1194 3061 1304 3140 Trojoni
1333 3068 1444 3138 tempori·

291 3170 351 3233 Nec
373 3163 469 3231 tumen¹
485 3161 681 3256 imperturbutu
704 3145 814 3251 quiete3
836 3171 944 3251 etipse
966 3173 1039 3232 enirn
1060 3171 1122 3232 fidei
1144 3173 1329 3233 testimouium
1342 3161 1445 3230 reddidi

292 3279 398 3342 liomoe
422 3282 492 3341 enim
515 3289 659 3360 postquem
682 3281 709 3340 in
723 3280 820 3341 oleum
842 3282 953 3358 igneum
978 3283 1124 3343 immersus
1146 3281 1213 3342 nibil
1234 3287 1335 3361 passus
1357 3287 1412 3349 est,
1429 3270 1446 3327 ii

293 3391 408 3452 insulem
431 3390 571 3467 relegatus
593 3399 635 3450 est
656 3389 842 3465 (Tertulliani.
866 3377 950 3466 Quod
967 3393 1028 3470 ipse
1050 3391 1193 3452 conllrmnt
1210 3393 1240 3450 in
1255 3391 1344 3470 Apcc.
1366 3382 1408 3458 (l,
1421 3377 1446 3449 9]

292 3500 403 3562 dicens:
426 3499 508 3577 „Ego
528 3500 649 3560 loannes
671 3499 754 3561 irater
775 3510 868 3560 vester
890 3545 898 3561 .
923 3545 931 3560 .
956 3546 963 3559 .
985 3499 1024 3560 fui
1046 3500 1197 3576 ininsula,
1227 3518 1298 3578 quus
1319 3492 1448 3578 appellatur

292 3607 425 3685 Patmos,
456 3616 567 3688 propter
597 3609 710 3670 verbum
734 3608 785 3670 Dei
813 3619 842 3670 et
863 3611 1052 3670 testimonium
1072 3608 1170 3670 desu.“
1207 3606 1273 3670 ¹Hoc
1302 3599 1448 3668 factumest
1480 3593 1481 3604 ¹

293 3727 425 3796 regnante
447 3717 601 3780 Domitiano
608 3739 618 3796 ;
649 3728 715 3798 post
737 3718 882 3780 Domitiani
905 3726 1022 3780 mortem
1045 3727 1153 3796 sutem,
1184 3727 1212 3780 ut
1233 3718 1316 3780 hebet
1338 3714 1447 3804 Clemens

292 3828 371 3889 Alex.
395 3827 512 3901 (Euseb.
536 3828 568 3892 l..
585 3847 610 3888 e.
633 3825 663 3906 3,
686 3827 743 3902 23)
777 3829 813 3890 ab
843 3827 931 3889 exilio
960 3847 1090 3890 reuersus
1120 3838 1172 3890 est.
1214 3828 1317 3910 Ephesi
1344 3816 1446 3907 pluribus

292 3937 396 3998 relictis
423 3937 566 4019 discipulis
586 3938 692 4019 placide
709 3948 803 4000 morte
824 3939 930 4017 quievit
949 3946 978 3998 et
999 3938 1100 4006 ibidem
1121 3940 1244 4020 sepultus
1266 3947 1318 3998 est.

334 4067 426 4124 Noto.
455 4061 541 4121 Des.
564 4062 675 4123 loannis
704 4062 863 4134 charactere
892 4064 1033 4136 sequentia
1062 4061 1198 4125 dddimus.
1242 4061 1362 4123 ludolem
1388 4043 1446 4132 qi⁰d
1480 4062 1481 4126 l

455 4173 567 4248 attinet,
590 4170 734 4232 dicendum
757 4181 816 4248 est,
840 4171 955 4233 cundem
977 4172 1065 4232 fuisse
1085 4173 1174 4233 enimc
1196 4173 1318 4239 veritatis
1339 4185 1370 4228 uc
1390 4160 1445 4221 clu·

455 4282 544 4341 ritetis
566 4282 775 4358 amantissimo,
809 4281 976 4345 coelestibus
997 4285 1104 4362 penitus
1132 4284 1257 4359 intento,
1288 4281 1350 4360 quin
1369 4281 1444 4335 umen
