3034 4934
289 327 350 394 136

369 495 435 556 Pars
458 502 569 571 certici,
599 499 659 556 aive
688 499 760 556 actio
785 495 970 570 intermedia,
999 504 1188 576 repraesentat
1209 495 1312 557 Ghristi
1339 515 1434 578 pugnarn

287 624 355 666 oum·
371 605 481 667 diaholo
509 607 673 683 generaliter
700 608 725 666 in
747 605 859 666 historia
890 605 1054 680 universali,
1084 607 1242 686 specialiter
1269 623 1334 668 cam
1360 627 1436 683 popo-

286 719 404 788 niimc‚
427 715 473 772 coi
479 715 616 773 interitus
637 715 848 795 praenuntiator.

368 819 434 896 Pars
456 831 571 899 quarta
592 821 629 882 oh
649 824 746 883 oculos
768 821 849 884 nobis
871 825 945 903 ponit
961 821 1097 899 judiciam
1118 822 1154 882 tle
1183 825 1351 901 paganismo·
1371 841 1437 902 usqne

285 930 320 991 nd
342 931 449 1010 lapsum
471 929 638 1007 Babylonis,
661 933 680 992 i.
704 949 729 992 e.
755 929 861 992 Romae
882 940 909 991 el
930 933 1029 1010 antiqui
1052 933 1216 1011 paganismi.

370 1039 437 1099 Pars
459 1045 568 1118 quinta
591 1039 702 1100 tandem
724 1041 804 1102 nohis
826 1043 967 1120 proponit'
980 1049 1080 1100 statum
1102 1035 1279 1115 &desines
1296 1057 1364 1117 quae
1390 1058 1437 1100 ven

284 1149 386 1228 pugnis
409 1140 522 1208 minime
543 1155 635 1223 caret,
658 1148 746 1209 donee
768 1165 848 1208 aurea
870 1151 956 1228 ipsios
971 1157 1047 1210 aetas
1062 1148 1213 1208 illucescat.
1235 1147 1356 1208 Tandem
1370 1165 1438 1208 rernn

281 1265 369 1335 ‘super
390 1254 459 1315 hanc
481 1264 579 1316 terram
601 1255 726 1335 sequitur
747 1257 817 1319 linis.

822 1473 848 1540 l.
871 1469 922 1532 at.

347 1628 527 1690 floncntnrn
544 1631 574 1690 st
593 1630 701 1698 relatio
718 1631 951 1703 Apocalypsoos
969 1630 1008 1688 mi
1026 1630 1168 1691 enotares
1185 1629 1220 1688 tl.
1237 1631 1269 1688 n.
1289 1627 1390 1688 iihro‘a

367 1780 398 1843 ln
421 1779 591 1862 Apocalypsi
612 1790 797 1862 proponuntur
817 1781 896 1843 nohis
915 1791 1027 1844 'summa
1049 1783 1210 1842 lineamenta
1232 1783 1362 1857 imaginis
1382 1782 1441 1856 regni

283 1891 333 1951 Dei
354 1909 403 1972 per
424 1888 535 1950 saecula
558 1889 702 1968 usquead
725 1891 996 1972 consummationem.
1041 1871 1098 1949 ls'te
1126 1888 1194 1950 liber
1215 1890 1394 1964 mysteriosus
1411 1894 1443 1946 est

283 2001 357 2060 sicot
378 2000 467 2060 omnis
488 1999 650 2078 prophetia,
683 2001 718 2058 ita
732 2008 831 2060 vtomen
855 2007 1047 2079 comparatus,
1078 2007 1106 2058 ut
1128 1996 1191 2058 idea
1212 1996 1367 2076 principalis
1387 1994 1442 2054 haul

282 2107 430 2167 lilliculter
450 2115 567 2167 eruatur.

353 2213 473 2276 Etenim
494 2233 606 2293 regnum
630 2213 741 2275 Chris'ti'
756 2224 830 2276 corle
853 2217 888 2276 nil
910 2214 984 2276 aliem
1006 2225 1049 2275 est
1074 2233 1154 2290 qnam
1172 2214 1310 2292 judicium
1343 2215 1378 2274 ie
1396 2219 1444 2272 So·

283 2335 361 2387 tana
391 2333 418 2384 et
446 2323 480 2384 tle
509 2331 623 2384 manco
651 2342 687 2384 ex
717 2342 786 2399 una,
819 2341 900 2402 quem
928 2330 1060 2396 victoria
1092 2333 1120 2384 et
1151 2327 1331 2400 triumphare
1361 2320 1444 2382 Christi

286 2419 535 2511 sanctorumque
556 2434 616 2510 aios
636 2451 672 2493 ex
693 2432 777 2494 altera
798 2440 882 2512 parte.
923 2431 1061 2509 insignem
1083 2442 1174 2494 autem
1198 2432 1271 2492 hinrc
1291 2430 1443 2511 triumphurn

284 2545 382 2621 religio
403 2542 551 2619 christiana
574 2550 629 2602 tam
650 2539 685 2601 de
706 2539 860 2616 ludaismo,
876 2534 962 2619 'quam
984 2541 1019 2600 tle
1032 2540 1197 2602 Gentilismc
1218 2549 1391 2621 reportatura
1405 2547 1443 2598 est.

283 2653 314 2714 ln
326 2649 443 2722 Actibus
465 2649 654 2732 apostolorum
675 2654 821 2711 historice
842 2650 922 2710 nohis
944 2659 1083 2726 narratur,
1106 2667 1158 2729 qua
1173 2653 1281 2712 ratione
1294 2649 1344 2710 hic
1365 2651 1446 2710 triun-

283 2764 354 2843 phus
375 2763 480 2821 initium
502 2761 634 2820 sumserit
641 2779 650 2836 ;
681 2761 708 2820 in
730 2760 897 2840 Apocalypsi
919 2777 1085 2840 progressus
1108 2769 1135 2820 et
1157 2742 1362 2822 consummatio
1382 2762 1447 2836 ejus-

283 2871 346 2930 tlern
370 2888 420 2949 par
439 2869 572 2930 sublimes
594 2871 732 2948 imagines
747 2905 752 2914 ·
764 2873 945 2945 prophetice
974 2868 1165 2949 depinguntur.
1208 2868 1308 2930 Forma
1341 2871 1400 2930 lihri
1423 2887 1448 2926 ar

282 2982 389 3054 integro
417 2976 568 3057 respondet
596 2980 634 3037 rei
664 2979 811 3054 gravitati3
844 2976 914 3038 hinc
939 2980 1018 3039 istius
1051 2981 1144 3059 operis
1179 2978 1251 3040 ideis
1281 2998 1337 3041 non
1368 2981 1447 3039 solon

282 3086 464 3145 nominatiores
480 3085 601 3162 mystici,
623 3084 769 3145 sedetiam
784 3103 881 3147 omnes
896 3084 946 3146 viri
962 3105 1053 3147 veram
1075 3089 1173 3168 poesin
1194 3097 1221 3146 et
1241 3105 1338 3148 sanam
1362 3089 1450 3164 mysti-

283 3210 343 3252 cam
364 3202 502 3254 scctactes
523 3211 634 3274 semper
654 3193 828 3255 vehementer
849 3194 976 3255 delectati
997 3204 1060 3255 suhi
1072 3201 1119 3273 (a.
1142 3215 1171 3272 g.
1196 3171 1312 3270 Dante).
1344 3194 1449 3256 Proinde

282 3300 437 3360 relationem
456 3301 640 3380 Apocalypsis
663 3302 696 3361 ad
718 3312 843 3365 caeteros
865 3302 898 3364 N.
914 3302 946 3364 Τ.
970 3303 1055 3364 libros
1076 3279 1176 3384 paucis
1192 3306 1229 3366 ita
1244 3304 1363 3366 definire
1378 3305 1450 3364 licet:

282 3408 465 3488 Apocalypsis
487 3405 639 3486 gloriosum
663 3410 790 3472 librorum
812 3411 845 3472 N.
867 3411 899 3474 h.
922 3415 1065 3474 constitnit
1090 3415 1340 3495 complementum,
1376 3417 1412 3476 ita
1431 3419 1452 3471 nl

281 3535 378 3578 ornnes
406 3515 466 3578 lihri
496 3517 708 3596 pulcherrimum
734 3529 762 3581 et
792 3523 998 3599 integerrimum
1029 3540 1129 3604 corpus
1155 3524 1297 3600 efficiant,
1330 3528 1451 3604 aprino

280 3622 529 3701 versu'Evangelii
560 3643 585 3684 s.
610 3625 757 3688 llaithaei:
789 3628 891 3705 „hiber
917 3613 1121 3708 generationis“
1145 3641 1199 3693 ete.
1230 3632 1280 3706 (l,
1308 3629 1343 3706 l)
1375 3651 1452 3711 usqne

280 3733 314 3794 atl
342 3732 465 3794 ultimam
492 3731 559 3793 lesu
582 3731 683 3797 Christi
710 3741 942 3818 promissionem:
974 3741 1084 3815 „Venio
1111 3743 1184 3802 cito“
1212 3751 1239 3800 et
1265 3742 1301 3801 atl
1333 3744 1451 3805 ultiman

280 3840 433 3920 Prophetae
454 3841 619 3921 suspiririm:
642 3844 752 3924 „Veni,
776 3846 893 3908 Domine
913 3829 1039 3912 JESU“!
1053 3852 1167 3937 ¹(rlpoc.
1189 3849 1288 3932 ΧΧΙΙ,
1309 3851 1385 3926 20),

754 4073 959 4084 ..n—*—
