3034 4934
1220 251 1279 316 129

35 499 39 507 Ι
103 422 144 480 el.
170 419 203 496 4,
229 418 284 497 173
298 418 336 495 h,
359 417 395 492 43
419 418 505 480 Judae
529 415 575 496 14.
599 416 649 492 24.
675 454 709 463 -
733 414 794 490 Quo
813 419 923 496 propius
946 426 1036 480 autem
1053 419 1185 497 judicium
1200 422 1280 480 instat

99 530 274 610 reipublicae
295 528 460 590 ludaeorum
492 537 520 586 et
540 527 599 588 orbi
622 528 753 606 antiquo,
783 509 817 587 eo
841 529 929 605 magis
952 537 1116 608 prospectus
1138 531 1170 618 in
1189 529 1278 590 lutura

98 640 243 700 clarescit.
287 637 362 702 Hinc
385 637 419 699 ll.
444 637 515 698 Patr.
539 654 600 716 cap.
625 635 695 711 tlt,
723 621 797 716 quod
826 635 986 716 dilationem
1015 636 1149 698 adventus
1171 637 1277 698 Domini

15 742 32 762 '⁸
98 749 241 822 declarat,
267 749 346 826 quasi
370 747 501 809 traductio
523 748 614 806 estin
637 725 945 824 periodum'luturam.²
1012 753 1015 758 '

187 853 213 919 3.
238 857 405 924 Momentum
421 859 594 916 doctrinale
608 863 636 913 et
648 859 843 931 practicam,
856 853 939 940 vquod
961 857 1033 914 omni
1052 863 1176 935 tempore
1195 855 1276 914 valet.

97 940 206 1026 Contra
228 952 317 1025 omnia
339 963 511 1044 sophismata
534 961 594 1022 lalsi
616 963 801 1042 spiritualismi
817 967 953 1021 Jacobua
980 981 1036 1036 rem
1060 955 1121 1022 lidei
1142 965 1167 1022 in
1184 964 1279 1042 operi-

98 1076 155 1134 bus
178 1049 283 1154 ponit3⁴
300 1045 414 1133 Petrae
442 1062 685 1132 sanctificationem
708 1067 875 1146 vitae'juxta
898 1072 1054 1151 exemplum
1075 1071 1185 1132 Domini
1215 1049 1277 1131 tan-

97 1201 183 1260 quam
213 1201 329 1262 scopum
359 1183 497 1262 proponit
533 1185 637 1240 Julian
667 1180 785 1258 denique
813 1189 839 1238 et
862 1183 976 1240 Petrae
1004 1199 1046 1260 ep.
1076 1178 1160 1240 ultera
1181 1187 1277 1239 contra

12 1289 33 1350 i
98 1293 263 1352 haereticos
284 1291 444 1371 prmcipium
468 1289 529 1350 lidei
550 1289 709 1365 subibunt,
734 1283 886 1348 doctrinam
909 1288 1017 1348 scilicet
1034 1290 1228 1369 apostolicam,
1249 1301 1278 1352 et
1338 1371 1340 1375 Ι

16 1402 31 1438 i'
97 1401 279 1462 solummodo
300 1419 384 1481 super
406 1399 662 1461 boc-lundamento
684 1401 878 1459 incrementum
896 1398 1054 1484 admittunt.
1114 1481 1115 1485 Ἰ

354 1735 355 1739 ,
457 1661 495 1730 Β.
525 1597 695 1754 Epistulae
720 1659 750 1732 b.
777 1657 923 1732 loannia

639 1854 666 1921 §-
690 1851 740 1913 81.

562 2013 697 2108 Epistola
714 2007 834 2086 prina'

189 2164 216 2225 l.
240 2165 364 2246 Epistola
386 2167 565 2246 inscriptione
586 2175 679 2242 caret3
706 2183 741 2226 ex
766 2167 826 2243 ejus
848 2174 936 2225 tamen
965 2147 1107 2227 relatione
1122 2163 1155 2228 ad
1182 2166 1278 2229 Evau-

18 2322 19 2326 ,
98 2249 204 2352 gelium
226 2277 445 2336 circumstantiae
466 2249 623 2355 scriptionis
645 2275 773 2356 indagari
797 2283 920 2354 possunt.
963 2273 1088 2335 Eosdem
1117 2278 1142 2336 in
1170 2294 1204 2338 ea
1225 2277 1277 2337 de-

11 2401 21 2443 a
100 2381 300 2463 prehendimus
322 2383 495 2460 haereticos,
518 2384 624 2463 quibus
634 2382 812 2460 Evangelium
830 2383 1017 2464 opponebatur
1024 2405 1033 2461 ;
1054 2385 1167 2462 eaedem
1182 2404 1278 2448 recur-

11 2511 20 2552 t
101 2501 165 2552 runt
187 2491 265 2553 ideae
287 2494 312 2552 in
335 2493 422 2553 lorma
444 2493 578 2552 consimili
586 2512 597 2570 3
626 2494 690 2570 quin
713 2491 767 2552 dici
788 2501 896 2572 potest,
925 2501 1009 2553 totam
1039 2493 1183 2573 epistolam
1206 2494 1278 2554 aliud

11 2613 21 2660 rt
100 2621 160 2664 non
183 2620 266 2678 esse,
289 2605 342 2662 nisi
364 2601 511 2683 practicam
535 2597 801 2662 commendationem
831 2602 955 2662 veritatis
982 2603 1009 2661 in
1031 2599 1183 2680 Evangelio
1211 2623 1279 2684 pro-

101 2711 229 2791 positae:
252 2710 346 2772 Jesum
369 2730 433 2771 esse
456 2709 614 2800 Christum,
631 2691 733 2771 »Filium
755 2709 826 2786 Dei,
849 2711 1012 2792 principium
1035 2713 1115 2772 vitae.
1155 2712 1279 2792 Denique

102 2829 146 2881 tot
166 2829 312 2880 occurrunt
333 2821 481 2881 allusiones
504 2820 537 2881 ad
560 2821 746 2880 testimouium
767 2815 902 2899 scriptum
925 2819 981 2896 „de
1004 2821 1087 2881 verbo
1110 2823 1201 2882 uitae“
1223 2832 1275 2884 etc.

101 2923 144 3005 (l,
169 2926 281 3004 1-3.;
304 2929 342 3005 11,
368 2928 404 2988 12
426 2947 471 3007 sq.
479 2950 488 3005 ;
510 2928 684 3006 ato-26),
708 2937 736 2989 ut
756 2930 863 3009 plurimi
886 2929 957 2990 hanc
978 2927 1124 3011 epistolam
1146 2941 1173 2992 ut
1193 2951 1279 3012 prae-

101 3036 242 3098 ambulum
272 3046 300 3097 et
329 3037 527 3112 dedicationem
550 3038 694 3114 Evangelii
725 3039 958 3124 consideraverint
985 3039 1077 3117 (ling,
1107 3039 1277 3119 Reitbmapr‚

101 3146 191 3208 biaier
210 3131 290 3220 etess).
334 3145 395 3207 Hoc
417 3148 516 3207 saltem
539 3121 676 3207 allirmare
698 3148 781 3224 licet,
805 3148 948 3228 epistulam
969 3166 1126 3228 supponere
1147 3149 1277 3226 lectores,

11 3274 14 3298 ³
100 3257 150 3334 qui
172 3244 354 3334 Evangelium
377 3256 490 3317 loannis
518 3256 587 3316 bene
617 3265 720 3316 aurunt.
766 3255 841 3316 ilinc
867 3257 964 3336 conjici
992 3265 1100 3337 potest,
1130 3258 1277 3338 epistolam

102 3365 137 3424 ad
162 3364 293 3440 eosdem,
315 3365 417 3427 eodem'
434 3382 522 3445 paene
539 3366 601 3442 loco
616 3373 643 3425 et
657 3374 781 3445 tempore
795 3368 925 3447 scriptam
941 3383 1016 3442 esse,
1040 3385 1073 3428 ac
1086 3366 1276 3446 Evangelium.
1330 3375 1333 3380 '

177 3471 215 3534 ²2.
244 3473 315 3534 Hinc
351 3479 473 3534 occario
504 3473 640 3536 scribendi
675 3482 760 3554 patet.
795 3475 993 3557 *Surrexeraht
1025 3474 1171 3549 baeretici,
1208 3493 1277 3553 quos

45 3648 53 3655 .
101 3586 305 3644 antichristos
328 3591 407 3642 vocat
429 3580 475 3659 (2,
500 3579 575 3657 18),
598 3581 706 3660 eoquod
723 3573 822 3641 Christi
845 3592 964 3642 naturam
987 3593 1104 3664 etopus
1126 3567 1275 3660 negabant.

103 3691 159 3751 Alii
188 3693 261 3751 enim
292 3686 443 3769 negabant,
475 3690 588 3767 „lesum
618 3709 682 3751 esse
711 3688 870 3751 Christum“
902 3691 948 3766 (2,
965 3689 1028 3764 r22)
1059 3695 1076 3752 i.
1100 3712 1130 3752 ε.-
1155 3692 1276 3754 divinam

101 3803 166 3878 ejus
185 3769 326 3876 buteram}
358 3800 403 3860 alii
427 3798 540 3876 „lesum
563 3797 700 3860 Christum
731 3802 757 3860 iu
779 3817 861 3860 carne
882 3802 1013 3890 vpniase“
1034 3799 1080 3875 (4,
1102 3799 1130 3861 2.
1154 3761 1190 3875 d)
1212 3804 1229 3860 i.
1245 3795 1276 3862 ὀ.

102 3918 226 3970 naturam
248 3911 309 3986 ejus
330 3907 494 3998 humanam.¹
516 3907 614 3982 Quoad
638 3910 720 3968 vitam
741 3907 871 3969 moralem
894 3927 1066 3988 nequaquam
1087 3911 1161 3971 viam
1183 3928 1276 3971 veram

103 4028 129 4080 et
150 4019 276 4097 regalem
299 4018 496 4094 ostendebant,
530 4018 610 4080 fidem
639 4017 763 4092 scilicet,
796 4035 867 4096 quae
888 4037 937 4097 per
959 4015 1117 4080 charitatem
1138 4028 1276 4100 operatum

100 4128 153 4188 sed
175 4129 275 4204 gnosiu
297 4126 487 4188 sublimiorem
508 4125 681 4186 affectabant.
722 4123 866 4188 Erroribus
887 4143 981 4208 eorum
1004 4127 1167 4204 dogmaticis
1181 4125 1278 4188 Evau-

100 4235 206 4313 gelium
221 4244 398 4315 opposuerat.
421 4233 509 4312 Hujus
532 4234 681 4326 doctripam
703 4235 877 4317 principalem
894 4238 926 4306 in
948 4235 1064 4317 epistula
1081 4231 1135 4294 bac
1148 4237 1297 4312 energice·

184 4347 295 4390 namen
307 4346 445 4389 namucno.
812 4365 814 4368 -
1050 4339 1071 4401 9
