3070 4940
127 540 215 628 magis
244 545 470 614 conservaretur,
499 537 563 598 dum
590 537 660 619 apud
674 539 677 544 '
690 545 800 598 exteros
828 539 917 616 magis
947 539 1093 617 magisque
1113 538 1148 600 ad
1170 537 1300 618 proianos

126 647 214 709 calles
243 646 410 709 deflecteret.
454 645 492 707 lta
523 665 548 708 e.
571 665 614 725 gr.
638 643 773 708 Catholici
802 663 939 708 canonem
964 645 998 706 ab
1020 645 1161 708 Ecclesia.
1174 646 1299 709 traditum

127 759 288 838 plerumque
300 757 462 833 tuebantur,
484 758 640 816 testimonia
655 755 764 816 Petrum
780 755 996 832 venerabantur,
1019 757 1168 836 scripturas
1183 755 1299 817 biblinas

128 868 282 930 ut·diviuas
305 865 396 926 debita
418 866 551 944 religione
572 865 743 942 tractabant,
766 864 828 925 dum
851 863 997 926 acatholici
1020 864 1108 927 hosce
1131 865 1218 927 libros
1240 865 1300 926 ire-

125 984 241 1056 queuter
261 975 332 1035 baud
356 973 407 1034 alia
430 977 619 1035 aestimatione
640 991 674 1034 ac
701 953 883 1052 quoscunque
911 973 1061 1055 profanos,
1091 991 1124 1035 ac
1155 977 1200 1034 vix
1228 983 1299 1036 tanta

124 1084 263 1147 habebant
283 1086 325 1157 (e.
349 1103 391 1161 gr.
415 1081 533 1160 Semler,
556 1081 813 1159 Schleiermacber,
838 1083 969 1159 Strauss,
992 1081 1168 1156 boareto).
1191 1081 1300 1158 Quant-

125 1211 206 1272 quam
227 1210 281 1253 uon
302 1192 453 1270 negandum
475 1202 533 1269 est,
555 1193 638 1254 etiam
662 1194 732 1254 inter
753 1189 913 1256 Gatbolieos
941 1193 1030 1256 lubae
1048 1192 1166 1272 fulgidos
1194 1212 1229 1256 ac
1255 1203 1299 1256 tc-

125 1303 259 1363 merarios
274 1311 434 1363 novatorum
449 1310 617 1379 sectatores,
640 1310 669 1362 ut
681 1304 754 1364 inter
771 1310 955 1382 protestantes
968 1304 1084 1364 extitere
1098 1305 1147 1366 viri
1161 1305 1299 1382 religiosi,
1316 1330 1318 1334 ¹

125 1411 237 1472 traditae
259 1412 379 1471 veritatis
402 1419 535 1471 amantes.
558 1409 601 1471 Ex
622 1411 706 1472 dietis
728 1419 818 1492 patet,
841 1412 1085 1490 introductionem,
1107 1415 1195 1492 prouti
1210 1431 1298 1491 usque

123 1519 158 1581 ad
187 1528 297 1582 nostros
326 1520 388 1582 dies
417 1521 511 1597 viget,
544 1539 609 1582 esse
638 1525 888 1582 absentationem
915 1524 1231 1585 miserico-criticam
1261 1529 1298 1584 rte

122 1635 225 1690 saeris
246 1635 332 1691 tibris
352 1639 418 1691 tum
437 1633 571 1702 simpatia
578 1675 589 1708 ,
620 1639 684 1692 tum
712 1635 747 1690 iar
773 1649 872 1692 onom
893 1625 1047 1712 eolteetie,
1079 1634 1115 1692 ita
1145 1640 1174 1692 ut
1201 1649 1237 1694 ex
1265 1649 1297 1693 ea

40 1792 47 1806 .
123 1747 200 1800 recta
220 1740 380 1818 scripturae
402 1740 557 1800 aestimatio
578 1747 607 1798 et
626 1738 803 1816 intelligentia
825 1741 954 1820 pariatur.

165 1853 257 1908 Noto.
288 1850 480 1908 weretune.
501 1846 566 1926 llug
585 1829 702 1927 ejusque
723 1849 899 1928 pedissequi:
923 1847 1127 1926 Sandbttcbler,
1149 1846 1299 1919 Untcrkir-

288 1954 372 2032 ebert
393 1955 565 2033 Fellmoaer,
588 1956 624 2016 el.
647 1956 824 2034 Reitbmapr3
847 1957 882 2018 cl.
904 1956 1002 2019 Adalb.
1025 1954 1136 2016 dicier.-

203 2059 232 2127 3.
256 2063 403 2141 Quaeritur
417 2067 495 2144 jam,
517 2085 583 2128 uunr
602 2066 806 2128 introductionis
829 2067 905 2128 notio
927 2064 1007 2126 allata
1029 2065 1230 2144 negotiumque
1249 2063 1298 2126 bi-

10 2249 14 2256 ,
123 2174 387 2249 amuco-criticum,
418 2175 494 2253 quod
515 2178 707 2255 prosequitur,
736 2175 815 2236 nobis
835 2174 978 2250 subiiciat,
1008 2191 1042 2234 aa
1063 2171 1165 2252 aliquid
1185 2172 1297 2234 vitemus

120 2279 269 2362 manica?
306 2282 415 2362 Negari
434 2301 491 2346 non
510 2293 622 2366 potest,
650 2302 701 2366 per
722 2282 954 2346 introductionem
975 2281 1030 2344 lroc
1050 2281 1134 2344 modo
1155 2288 1296 2342 ademtam

121 2393 210 2468 magis
231 2401 379 2473 esterno,
401 2410 482 2472 quam
503 2398 630 2456 interne
643 2413 669 2460 s.
694 2395 854 2476 Scripturas
868 2393 960 2471 tangi3
981 2389 1098 2454 dicanda
1115 2375 1187 2452 iuret
1206 2389 1296 2470 potins
1368 2388 1371 2396 '

119 2504 267 2562 adductio
286 2487 324 2561 'ad
345 2519 371 2562 s.
394 2502 497 2579 libros,
519 2521 600 2582 quam
623 2508 815 2566 introductio
837 2505 863 2564 in
880 2501 1037 2583 praeclaros
1058 2502 1119 2578 ejus
1141 2499 1295 2561 thesauros.

118 2603 244 2688 iitroque
263 2612 377 2670 materia
398 2613 424 2670 in
445 2629 470 2671 s.
492 2612 569 2673 libris
592 2621 720 2674 contenta
739 2612 829 2674 obiter
853 2618 955 2684 tantum
976 2610 1115 2688 attingitur
1134 2617 1164 2670 et
1184 2615 1296 2670 eatenus

121 2716 199 2793 lere,
230 2725 367 2795 quatenus
396 2720 510 2779 critiom
537 2737 631 2780 ansam
661 2721 782 2800 praebat.
826 2719 888 2780 lam
915 2736 983 2780 vero
1011 2718 1195 2800 introductio,
1226 2712 1317 2796 quae

119 2841 215 2885 revera
237 2825 291 2886 boe
314 2843 414 2886 nomen
434 2837 565 2904 meretur,
589 2827 654 2888 nibil
676 2829 799 2890 sanctius
821 2826 938 2902 babeat,
961 2843 1042 2905 quam
1064 2833 1092 2886 ut
1112 2827 1296 2888 sanctuarium

117 2933 207 3014 ipsum
228 2933 404 2995 revelationis
425 2937 452 2997 in
473 2934 551 2997 libris
572 2938 659 2998 sacris
686 2937 786 3017 pandat
807 2935 944 3015 nobisque
972 2933 1076 2996 aditum
1104 2935 1217 3015 aperiat,
1261 2931 1297 2994 lit

116 3059 213 3104 revera
240 3041 337 3121 ideae,
368 3061 439 3122 quae
465 3045 492 3105 in
518 3063 545 3106 s.
574 3045 650 3107 libris
672 3045 845 3122 conduntur,
875 3061 1047 3125 nequaquam
1068 3051 1134 3106 sunt
1152 3041 1229 3106 rudis
1251 3043 1296 3104 in-

117 3145 279 3232 digestaque
307 3154 410 3231 moles,
439 3171 511 3233 quae
540 3172 591 3235 par
611 3173 644 3216 se
664 3157 808 3216 scientiam
828 3155 1036 3232 sqsmnattcarn
1058 3154 1224 3216 constituere
1244 3170 1297 3214 ne-

116 3264 188 3342 quit3
219 3265 275 3325 imo
295 3265 486 3341 organismum
515 3265 652 3345 quendam
680 3264 831 3326 mbabilem
860 3261 1002 3338 allidunt,
1033 3263 1080 3341 qui
1107 3269 1152 3322 est
1180 3260 1295 3323 bistoria

83 3379 87 3386 '
116 3373 289 3434 revelationis
318 3392 369 3434 seu
400 3375 559 3435 constitutio
589 3374 669 3454 regni
698 3373 769 3451 liei,
800 3381 922 3452 systema
949 3371 1073 3434 divinum
1101 3380 1129 3432 et
1156 3370 1296 3448 objectum

118 3499 199 3542 verae
220 3483 352 3544 scientiae
373 3483 573 3563 dignissimum.
617 3483 752 3546 Nostrum
773 3484 857 3561 igitur
876 3484 945 3558 erit,
972 3483 1000 3544 in
1020 3479 1221 3544 introductione
1242 3497 1297 3540 non

116 3592 205 3652 solum
227 3599 343 3654 tractare
364 3593 507 3657 historiam
529 3593 682 3670 librorum,
711 3593 765 3655 sed
783 3591 925 3654 historiam
947 3599 977 3652 et
996 3591 1193 3652 revelationem
1215 3587 1296 3650 libris

114 3702 183 3783 ipsis
213 3709 389 3779 contentam,
422 3711 550 3782 quantum
580 3703 640 3765 llari
666 3709 774 3785 potest,
805 3707 995 3763 reconstruere
1024 3717 1058 3762 ac
1077 3706 1294 3779 repraesentare.

113 3809 157 3871 Ex
177 3810 232 3873 boc
254 3811 338 3872 iacile
359 3821 453 3892 patet,
484 3815 660 3892 quaestiones
681 3812 963 3887 historico-criticas,
991 3827 1062 3890 quae
1091 3808 1194 3886 libros,
1226 3826 1295 3871 ιιιιο-

116 3928 190 3980 tores
211 3929 264 3984 etc.
294 3930 424 4000 tangunt,
454 3923 536 3984 nobis
564 3942 619 3986 non
646 3941 712 3984 esse
744 3939 802 3983 rem
830 3921 1004 4002 primariam,
1040 3916 1092 3980 sed
1122 3916 1295 3999 praeambub

116 4037 217 4090 tautum
247 4030 282 4090 ad
311 4051 480 4113 eumenem,
511 4051 583 4113 quae
611 4040 654 4092 est
684 4031 816 4093 revelatio
844 4031 904 4110 ipsa
934 4047 950 4090 a
979 4027 1118 4108 principiis
1145 4044 1234 4104 usque
1260 4025 1294 4087 ad

118 4141 380 4202 consummationem
401 4159 470 4202 nexu
493 4138 609 4204 mirabili
638 4160 703 4203 sese
723 4141 875 4218 evolvens,
905 4140 991 4221 prouti
1014 4140 1041 4200 in
1062 4139 1151 4200 sacris
1174 4136 1294 4198 lontibus

111 4251 269 4312 continetur.
314 4247 530 4322 introductionis
555 4270 623 4329 ergo
644 4253 782 4314 notionem
803 4250 883 4315 nobis
912 4249 950 4310 ita
980 4247 1095 4310 delinire
1122 4246 1204 4308 licet:
1236 4251 1295 4312 liet

111 4364 243 4422 evolutio
264 4362 411 4424 Materiae
430 4366 632 4423 revelationis
663 4368 701 4422 Ν.
725 4365 764 4421 Τ.
788 4379 831 4421 ere
850 4363 953 4420 aceris
973 4360 1123 4434 fontibus.
