3070 4940
286 288 325 352 hd

276 450 365 530 liuius
387 450 492 513 ordinis
513 450 576 514 aiis¹
588 467 672 513 eausa
692 449 814 532 perseio
835 465 889 513 non
906 455 1015 532 potest,
1035 451 1087 512 nisi
1101 446 1296 528 chronologica
1309 449 1468 510 sueeessio

181 628 185 636 ,
277 564 451 643 soriptorum.
815 607 819 614 .

357 665 387 730 3.
410 667 471 730 dloo
492 668 665 732 nondrmstur
684 685 720 729 es
741 657 871 730 Vete’rurn
892 669 1063 732 testimoniis.
1086 670 1118 730 S.
1141 673 1296 746 inermem
1312 661 1350 743 (h
1362 663 1466 744 202),

274 779 419 861 Polycarpi
441 789 470 841 et
489 777 590 860 Papiae
611 778 764 860 discipulus
785 786 813 838 et
833 777 982 840 traditione
1002 777 1124 840 Orientis
1146 775 1351 839 et-Oooidentis
1386 775 1466 837 hene

275 887 412 966 imhutus,
434 896 554 950 nostram
574 889 677 949 seriem
699 896 822 950 testatur.
847 886 1019 966 „Matthaeus
1043 937 1049 952 .
1074 931 1080 948 .
1105 931 1113 947 .
1136 885 1236 948 deinde
1249 883 1361 972 Marsus
1389 929 1399 946 .
1425 929 1433 944 .
1458 929 1465 944 .

275 997 365 1060 hueas
388 1043 396 1060 .
420 1044 427 1063 .
452 1046 459 1060 .
481 996 744 1060 deindetosnnest‘
767 997 887 1072 (Museb.
909 995 942 1060 Η.
966 1015 991 1058 e.
1013 993 1118 1074 V‚‚8).
1162 988 1365 1070 orium&
1377 992 1465 1070 254)
1514 967 1517 1076 h

274 1108 392 1171 eundem
415 1107 538 1170 ordinem
562 1125 612 1189 per
632 1107 799 1190 numeralia:
830 1101 977 1192 πρῶτον,
1005 1102 1170 1191 δεύτερον,
1191 1106 1299 1191 τρίταν
1318 1113 1375 1168 ete.
1411 1103 1468 1164 de-

275 1214 367 1296 s'igoat
390 1216 474 1296 (Euo.
497 1215 529 1280 H.
555 1237 580 1282 e.
603 1216 660 1296 vl,
682 1216 750 1293 25).
794 1218 950 1294 Sequuntur
977 1214 1029 1278 hos
1057 1219 1364 1302 umsdios'ueeser.
1376 1258 1390 1294 ,
1415 1211 1465 1273 hi·
1516 1275 1517 1302 ¹

273 1329 375 1390 sturiae
395 1328 499 1390 edules.
523 1337 601 1409 pater
620 1321 660 1401 (h
671 1323 750 1402 340)
771 1335 799 1387 et
819 1345 845 1388 s.
861 1330 1061 1404 uptpoasstus
1081 1329 1230 1406 episeopus
1251 1324 1462 1386 Salaminemsis

274 1432 313 1511 (h
326 1435 415 1514 402).
462 1436 547 1519 Apud
568 1435 677 1498 hathros
702 1445 810 1518 praeter
831 1453 964 1498 canonem
985 1437 1206 1515 antiquissimum
1227 1432 1374 1496 Ecclesiae
1398 1426 1463 1494 tto-

274 1564 389 1624 manae‚
411 1546 593 1625 fragmentum
615 1546 827 1610 Muratorianum
848 1546 967 1623 dietum,
996 1547 1042 1626 qui
1064 1544 1119 1606 hoc
1145 1544 1181 1607 de
1202 1542 1277 1605 huna
1297 1554 1326 1605 et
1347 1543 1461 1605 Joanne

273 1664 400 1733 testatur,
421 1661 634 1739 Hieronymus
655 1652 694 1732 (i
706 1654 786 1730 420)
809 1666 838 1718 et
857 1659 1055 1731 Aoyustious
1075 1649 1113 1729 (h
1125 1651 1214 1731 430).
1236 1653 1279 1716 Ma
1299 1663 1361 1716 tota
1384 1655 1462 1716 anti-

274 1768 378 1846 quitate
400 1786 470 1831 unus
494 1777 537 1830 ost
558 1773 699 1830 Clemens
719 1752 812 1829 Aion.
835 1771 913 1848 (post
936 1764 1145 1829 tetrasemi
1166 1769 1193 1828 in
1213 1764 1310 1828 schola
1325 1765 1460 1827 Alexan-

274 1875 350 1938 drina
371 1885 557 1957 successor),
580 1880 634 1968 qui
642 1877 780 1956 affirmat,
803 1875 976 1955 Evangelia,
998 1894 1069 1956 quae
1084 1877 1185 1939 hahent
1197 1863 1388 1956 genealogias
1397 1881 1416 1939 i.
1433 1897 1457 1940 e.

274 1982 405 2046 Matthaei
427 1994 454 2047 et
474 1981 584 2064 Lunae,
615 1989 703 2069 prima
725 1999 790 2048 esse
811 1988 965 2066 composita
986 1984 1253 2072 (προγεγράφθαι
1278 1983 1321 2048 τοὶ
1347 1995 1457 2073 περιέ·

273 2111 374 2171 κοντα
387 2094 446 2168 ταὶς
459 2093 669 2176 γενεαλογίας.
683 2095 787 2158 Euseh.
806 2099 853 2172 [er
865 2095 944 2156 libris
958 2092 1213 2174 ὑποταπιόσεων]
1230 2095 1258 2160 Ιι.
1275 2115 1301 2158 e.
1317 2095 1372 2174 vt,
1393 2094 1454 2171 13).

274 2201 331 2263 Sed
360 2221 422 2264 eum
454 2223 537 2266 nemo
566 2204 697 2266 Veterum
729 2224 793 2267 eum
822 2207 861 2266 sit
892 2215 1004 2267 secutus
1034 2215 1061 2268 et
1090 2191 1192 2268 assuri
1219 2225 1315 2268 omnes
1337 2207 1455 2270 eandem

273 2311 449 2376 traditionem
471 2312 615 2389 referant,
637 2316 721 2376 etiam
739 2327 792 2376 ‘nos
813 2315 937 2398 ordinem
959 2317 1069 2378 canonis
1083 2317 1169 2378 nostri
1184 2324 1213 2376 ut
1227 2315 1454 2394 chronologicum

273 2420 457 2484 servabimus.
1378 2445 1382 2450 ·

234 2585 236 2590 ·
315 2567 406 2624 Noto.
439 2556 665 2662 distinctionis
688 2533 999 2646 ..nuessmiomortung
1013 2563 1062 2628 ted
1084 2577 1114 2627 u.
1138 2568 1158 2628 t.
1174 2557 1329 2629 tenenat
1352 2559 1452 2642 gunfo

441 2668 529 2736 1842.

784 3041 896 3145 hoaut
922 3043 947 3131 i.

597 3180 839 3328 ‘Evangelium
867 3228 905 3303 S.
932 3229 1124 3306 Matthaei.

822 3443 850 3510 h.
872 3439 902 3503 8.

333 3597 364 3656 s.
382 3596 556 3688 undisonus
573 3599 698 3672 siurone
716 3599 907 3675 usmgsurm
926 3616 967 3665 οι
984 3619 1011 3666 s.
1028 3605 1186 3682 sortnturs
1204 3613 1235 3674 st
1251 3611 1391 3674 vatem

765 3699 953 3760 testimoniis.
1030 3748 1032 3752 .
1159 3759 1163 3766 .

357 3839 388 3902 t.
412 3841 583 3923 Matthaeus,
607 3856 635 3908 ut
656 3849 719 3928 ipse
739 3849 775 3912 de
795 3869 828 3913 se
849 3862 957 3934 uarat,
980 3855 1070 3919 fuerat
1084 3859 1247 3940 publicanus
1261 3869 1288 3922 et
1301 3878 1317 3921 a
1331 3859 1449 3922 Domirm

276 3957 434 4014 transeunte
455 3970 470 4012 a
491 3955 591 4018 utorio
621 3968 735 4019 vocatus
765 3970 825 4040 est,
852 3972 883 4024 ut
911 3966 1001 4045 ipsum
1029 3978 1192 4046 sequeretur
1213 3969 1323 4045 (Matth.
1344 3971 1376 4049 9,
1399 3969 1445 4042 9).

274 4056 349 4119 idem
372 4077 388 4121 a
409 4058 503 4130 Maroo
523 4062 571 4141 (2,
589 4061 643 4142 13)
664 4073 693 4127 et
708 4067 780 4130 huna
803 4057 852 4148 (5ss
867 4069 925 4149 25)
946 4067 1161 4155 vocaturhe'vi3
1183 4078 1240 4139 sed·
1255 4097 1318 4141 eum
1332 4079 1446 4141 historia

274 4167 414 4232 evidenter
442 4171 537 4235 eadem
565 4175 620 4251 sit,
655 4175 724 4237 nihii
755 4187 816 4258 est,
849 4199 898 4242 our
924 4181 995 4243 huno
1024 4184 1207 4248 a'Matthaeo
1235 4188 1444 4268 distinguamus.

274 4272 409 4340 lodtatus
434 4281 507 4342 illino
537 4283 665 4346 telonium
694 4285 802 4366 reliquit
828 4299 856 4351 et
881 4289 1026 4355 Dominum
1056 4304 1168 4358 secutus
1196 4303 1257 4375 est,
1289 4297 1445 4360 miraculum
