3070 4940
267 464 347 525 linem
374 464 401 522 in
428 457 540 522 Christo
569 457 708 539 cunpbta
732 473 801 522 esse
823 456 968 534 suevis,
999 475 1107 538 quaeve
1130 455 1272 538 Prophetis
1293 454 1434 537 praedicta

266 580 355 636 sunt„
383 568 445 634 Hoc
464 577 630 635 tamennon
646 566 778 638 exomni
797 565 891 640 theam
911 565 1081 644 Eumelim
1104 565 1164 638 llon
1182 569 1256 641 eninr
1272 567 1358 646 ,circs
1370 585 1434 647 per-

265 697 377 741 sonam*
393 677 495 738 Christi
525 684 626 738 motum
656 687 797 754 vomatur,
823 675 879 741 ¹sed
918 677 1170 745 mctisuinoezsonr
1202 676 1262 755 ipsa
1297 677 1435 754 eorp'ufflit

265 792 446 854 Ecolaeiout·
459 795 516 849 turn
537 793 660 849 veterem
681 784 871 862 (loduicum),
896 795 954 848 lum
983 783 1336 863 novamicltristiurmu),
1367 769 1433 845 illius

264 911 364 978 nempe
384 895 577 971 eversionem,
599 893 684 972 lrup‘tm
703 893 930 960 adtondemur

265 1057 268 1062 ,
348 1000 378 1064 3.
401 1002 484 1078 Quod
506 1021 557 1084 per
577 1011 666 1065 totum
688 1001 870 1080 Evnngcliurn
891 1001 1033 1069 evidenter
1051 1000 1201 1067 ostendere
1223 1001 1294 1064 licet
1382 1039 1384 1046 ·

324 1129 349 1179 a.
381 1112 510 1177 snum·
503 1130 529 1174 ro
552 1110 669 1175 exordio
691 1113 832 1186 meumst
857 1109 940 1180 nobis
960 1111 1056 1174 lesum
1078 1109 1218 1177 clusum
1242 1110 1325 1174 lilium
1347 1075 1433 1182 David

374 1229 413 1284 et
432 1219 562 1283 Alnrulrne
582 1219 947 1298 remurmuremus,
974 1220 1037 1282 dum
1066 1238 1092 1282 e.
1126 1239 1169 1298 pr
1199 1217 1310 1286 tinem
1338 1217 1432 1282 surm
1521 1257 1522 1290 r

384 1328 435 1393 liei
455 1329 547 1390 solvnn
567 1329 734 1409 proclamet.
755 1327 807 1408 (G,
830 1327 873 1404 l.)

323 1439 352 1502 b.
383 1437 447 1498 laur
476 1446 539 1499 ante
567 1440 649 1499 vitam
678 1438 815 1520 publicem
842 1447 931 1501 status
952 1438 1098 1515 Ecclesiae
1118 1439 1264 1520 antiquae,
1296 1437 1432 1516 detectos,

367 1545 440 1611 viulo
460 1554 515 1612 eto·
545 1547 571 1612 io
593 1549 647 1608 vita
669 1547 821 1612 saluatoris
842 1549 920 1626 quasi
941 1549 968 1610 in
989 1547 1104 1628 speculo
1125 1555 1264 1627 apparent.
1289 1545 1345 1626 (ΙΙ.
1367 1543 1432 1620 lll.)

321 1672 347 1716 o
378 1652 472 1724 Vitam
488 1653 627 1735 publicam
648 1657 790 1733 ingressus
811 1674 878 1734 sese
898 1657 1002 1718 revelat
1021 1654 1150 1726 diensium
1161 1657 1378 1736 praenuntiatum
1399 1665 1431 1716 et

383 1768 667 1847 vopoptypaprpdoov
689 1783 739 1846 per
758 1765 867 1843 singula
886 1766 965 1844 quasi
985 1776 1133 1829 monente
1156 1763 1304 1843 (lv-x).

270 1915 282 1926 ..
321 1869 350 1930 vl.
381 1869 562 1950 Ber'singula
582 1874 683 1954 pariter
697 1882 838 1941 ‚momenta
859 1873 1033 1950 describitun
1050 1875 1191 1955 oppositio
1211 1877 1289 1942 riuter
1308 1875 1432 1958 spiritum

370 1977 486 2051 ¹(llrristi
505 1989 534 2045 et
553 1983 678 2062 spiuiturn
689 1980 871 2064 ‚depravatum
885 1983 1037 2058 ludaisui,
1053 1991 1089 2045 nt
1112 1982 1269 2058 clarissime
1286 1989 1429 2064 appareat,

381 2087 521 2166 quomodo
551 2107 663 2167 regnum
691 2091 743 2151 Dei
771 2091 863 2153 locum
891 2108 944 2154 non
964 2093 1089 2152 inveniat
1109 2093 1247 2171 aliamque
1264 2091 1430 2170 ingrediatur

381 2196 472 2272 viam,
496 2213 547 2276 per
566 2195 713 2277 parabolas
735 2197 910 2260 declaratam.
933 2197 1125 2278 (lll-Xlll.)

319 2320 345 2364 e.
380 2301 508 2365 Ecclesia
529 2307 617 2366 veteri
640 2306 736 2368 relicta
756 2309 912 2372 sucerescit
932 2326 1002 2370 nova
1023 2326 1039 2370 a
1059 2309 1235 2371 fondamento
1247 2308 1322 2372 Petri
1344 2327 1429 2390 usque

380 2411 415 2473 ad
441 2420 607 2492 potestatem
636 2414 821 2495 apostolicam
856 2425 885 2476 et
912 2416 1029 2478 consilia
1057 2416 1237 2496 evangelica,
1270 2437 1342 2498 qnae
1368 2429 1428 2480 sunt

379 2521 454 2580 vitoe
475 2517 645 2588 Christianae
667 2525 745 2601 qtrasi
767 2523 892 2586 culmina.
916 2523 1106 2604 (XV-XX).

317 2627 337 2691 i.
373 2627 520 2714 Quomodo
541 2628 667 2695 Ecclesia
687 2631 803 2696 iudaice
826 2632 978 2697 salvotoris
999 2634 1188 2702 benedictione
1216 2635 1327 2719 indigua
1348 2636 1425 2715 jndi-

370 2715 449 2798 'cium
471 2741 531 2816 ejus
553 2739 673 2801 incurret
704 2756 766 2800 curn
794 2742 925 2822 universo
944 2743 1074 2827 mundo,
1104 2762 1154 2827 per
1180 2752 1428 2832 partes-accurate

375 2844 543 2928 descriptum
556 2825 616 2908 'esa
639 2847 872 2923 (xxr-xxv.)
1318 2931 1321 2940 ι

313 2971 344 3030 g,
377 2953 476 3016 Passio
497 2955 605 3016 Domini
626 2958 653 3019 in
674 2954 812 3019 Muttineo
833 2975 930 3019 revera
951 2967 981 3022 ut
994 2963 1187 3024 maledictum
1201 2965 1276 3036 topia
1295 2970 1412 3044 apparet
1418 2981 1430 3040 3

374 3061 453 3122 simul
477 3070 619 3126 autemut
641 3062 981 3140 destructiotlreocratiae
1009 3086 1025 3129 a
1051 3069 1232 3135 fundamentis
1261 3068 1430 3150 (xxvi-

373 3167 511 3245 XXVll.)

312 3279 339 3340 lr.
372 3277 403 3340 ln
417 3280 471 3344 line
480 3277 625 3360 Evangelii
641 3281 760 3344 ostendit
773 3283 853 3346 nohis
867 3281 1019 3349 llattlraeus
1030 3287 1211 3378 Spoagogam
1220 3288 1427 3366 (soleinnem)

371 3391 483 3470 penitus
505 3389 628 3452 delusam
649 3399 677 3451 et
696 3402 873 3470 evacuatam,
895 3396 960 3458 dum
974 3397 1104 3478 Apostoli
1125 3401 1280 3468 emittuntur
1300 3399 1335 3463 ad
1356 3399 1428 3462 iun-

372 3496 489 3562 dandam
511 3498 745 3582 ordinandamque
766 3493 931 3582 Ecclesiam.
956 3505 1122 3585 (XXVIII.)
1202 3539 1204 3547 ·

309 3607 330 3665 i.
367 3605 494 3685 Denique
516 3607 598 3670 focile
618 3619 662 3670 est
681 3610 849 3691 observare,
880 3614 1043 3698 Prophetias
1072 3635 1107 3680 ex
1138 3616 1174 3679 V.
1196 3616 1228 3693 T.
1250 3617 1348 3692 allatos
1361 3637 1429 3682 nou

319 3761 335 3782 fl
369 3713 460 3775 solum
482 3715 516 3775 nd
535 3733 684 3798 personam
703 3719 825 3784 Messias
845 3726 1005 3804 pertinere,
1028 3725 1078 3788 sed
1100 3743 1189 3806 oeque
1209 3725 1243 3793 ad
1266 3725 1428 3790 Ecclesiam

367 3823 506 3900 antiquam
527 3833 556 3884 et
576 3844 681 3888 novam.

328 3926 360 3989 4.
384 3929 478 4009 ltaque
501 3918 588 3995 ideam
611 3937 788 4020 principalem
810 3940 890 4020 hujus
913 3939 1055 4022 Evangelii
1083 3946 1127 4004 sie
1153 3946 1309 4026 exprimere
1337 3945 1428 4009 licet:

246 4033 448 4118 Repraesentat
473 4040 553 4100 nobis
581 4041 711 4106 llessiam
737 4047 882 4112 Ecclesiae
916 4053 1043 4130 antiquae
1070 4055 1256 4138 promissum,
1291 4055 1337 4133 qui
1367 4072 1429 4117 non

242 4146 319 4206 venit
346 4144 449 4225 Legem
477 4156 505 4209 et
534 4148 689 4232 Prophetas
716 4156 846 4235 solvere,
880 4159 930 4220 sed
958 4159 1118 4242 adimplere.
1172 4162 1274 4226 Sedu
1304 4160 1427 4226 iudaeis

244 4255 419 4339 pertinaciter
445 4258 566 4346 rejectus
594 4277 631 4320 ex
661 4262 804 4325 salvatore
835 4273 953 4345 mutatur
980 4269 1008 4329 in
1031 4268 1171 4356 jndicem,
1202 4279 1230 4332 et
1256 4269 1428 4356 licueratia
