3070 4940
304 311 346 400 3‘6

304 498 410 563 dicunt.
452 498 552 578 longe
573 501 649 580 plara
670 497 852 576 documenta,
874 517 945 578 quae
965 517 1017 560 noa
1036 497 1187 574 hahemus,
1209 496 1261 558 hos
1282 515 1375 557 versus
1393 514 1448 556 con·

305 586 405 685 tinent,
427 611 497 670 inter
516 627 587 687 qnae
608 617 637 668 et
657 611 819 686 versiones,
849 627 920 688 quae
942 607 1093 669 Eusebium
1120 616 1149 668 et
1169 605 1360 684 Hieronymum
1384 623 1448 685 prae-

192 702 195 712 ’
303 718 410 780 cedunt.
437 760 476 771 -
504 717 630 798 Denique
658 717 685 778 hi
714 721 766 800 ipsi
794 721 926 782 mtionenr
952 717 1115 796 indigitant,
1142 735 1192 778 cnr
1219 719 1265 776 isti
1294 734 1386 775 remus
1409 717 1449 774 sint
1484 801 1485 812 ἵ

302 831 419 906 omissi,
443 829 572 890 videlicet
591 828 665 908 qood
688 834 852 890 contrario
873 831 992 890 caeteris
1014 829 1157 887 continere
1177 829 1378 896 machomum
1402 841 1448 882 cnm

301 959 393 1018 egr.
416 937 502 999 blare.
528 936 578 1015 16,
602 937 622 999 9
645 937 760 998 habeat:
789 934 935 1010 ἀναστὰς
962 935 1000 998 dd
1027 933 1061 1009 (ὁ
1090 933 1221 1018 Ιησοῦς)
1248 931 1337 1016 πρωῒ
1359 931 1449 1016 πρώτῃ

301 1043 487 1130 σαββάτου,
507 1047 603 1109 llatth
627 1057 716 1108 anum
738 1047 807 1128 (28,
833 1046 879 1121 1);
903 1045 968 1130 ὀψὲ
986 1046 1024 1108 δὲ
1045 1041 1223 1128 σαββάτων
1243 1055 1296 1106 etc.

343 1178 433 1234 Nota.
461 1169 527 1254 ὀψὲ
557 1155 727 1253 σαββάτουΙ
755 1172 914 1253 plerumque
944 1172 1109 1251 explicator.
1125 1189 1175 1250 per
1195 1178 1278 1250 ,posi
1297 1167 1450 1240 sabbatum,

442 1263 528 1342 culn
549 1282 609 1342 soil.
632 1281 773 1342 Dominica
788 1283 846 1360 jam
869 1279 1053 1362 illucesceret.

381 1413 411 1476 3.
434 1421 541 1478 Fidem
563 1415 643 1496 hujus
658 1414 799 1492 Evangelii
821 1415 893 1494 qood
915 1417 1028 1492 attinet,
1049 1414 1158 1476 llarcns
1178 1417 1272 1494 ntique
1288 1407 1349 1495 ipse
1361 1413 1450 1472 Domini

299 1543 394 1590 comes
415 1544 470 1586 non
491 1525 558 1602 luit,
587 1528 623 1586 oti
644 1524 797 1586 Matthaeus
828 1533 857 1585 ct
883 1525 1021 1604 loannes3
1051 1533 1172 1586 attamen
1196 1522 1306 1584 Petrum
1335 1530 1450 1582 auctorem

300 1633 409 1711 hahuit,
432 1644 460 1696 et
480 1634 655 1696 traditionem
678 1653 853 1695 communem
875 1635 1083 1714 diligentissime
1103 1643 1215 1694 secutos
1236 1642 1298 1714 est,
1320 1631 1389 1712 qnod
1408 1629 1451 1708 ool-

298 1744 385 1821 ligcre
407 1743 472 1804 licet
491 1761 530 1804 en
548 1745 608 1822 cios
629 1762 692 1805 com
713 1743 851 1808 hiatthaeo
872 1748 1060 1806 consonantia.
1104 1815 1109 1826 ι

340 1873 431 1930 Noto.
460 1867 570 1930 Marcus
592 1868 692 1948 ubique
713 1868 748 1930 ab
769 1885 819 1928 ore
839 1877 868 1928 et
890 1870 1008 1946 imagine
1026 1868 1097 1930 Petri
1119 1867 1238 1949 pendet:
1262 1844 1390 1960 simplex,
1411 1867 1451 1924 im-

462 1980 554 2058 piger,
577 1977 680 2056 alacer,
703 1977 793 2038 fortis.
818 1977 885 2040 llira
907 1979 1018 2058 quidem
1032 1977 1196 2038 blatthaeum
1219 1981 1288 2038 inter
1309 1963 1452 2036 ethlarcnn

461 2086 613 2147 similitudo
635 2086 817 2162 observatur,
840 2105 912 2166 qnae
926 2096 1015 2150 tanuen
1029 2087 1142 2148 lucilius
1156 2088 1309 2168 explicatur
1330 2106 1378 2166 per
1391 2100 1451 2144 osum

461 2200 606 2257 simmam
634 2201 858 2277 traditionum,
888 2215 968 2276 qoam
999 2200 1087 2278 ipsius
1117 2196 1261 2275 Evangelii
1288 2215 1305 2258 a
1334 2195 1452 2260 blatthaec

462 2307 625 2385 conscripti,
656 2308 750 2382 negari
771 2309 842 2369 enim
864 2324 918 2367 non
939 2316 1047 2387 potest,
1068 2307 1145 2388 plora
1168 2309 1194 2368 in
1217 2306 1312 2368 lilarco
1335 2324 1385 2368 non
1404 2321 1452 2364 esse

462 2420 515 2473 tam
542 2415 688 2494 perspicua
718 2432 751 2475 ac
780 2417 806 2474 in
835 2414 1007 2492 llatthaeo,
1027 2416 1101 2495 qnod
1128 2435 1212 2477 secus
1233 2435 1265 2480 sc
1287 2415 1414 2488 haberet,
1435 2413 1450 2470 si

460 2519 592 2584 Matthaei
613 2521 794 2603 Evangelinm
816 2525 853 2587 oh
873 2526 969 2588 oculos
991 2525 1145 2592 habuisset.

786 2933 985 3070 bonoilll
1031 3015 1037 3026 ·

559 3151 797 3252 Evangelium
825 3156 1023 3228 secundum
1051 3153 1199 3228 Erroain.

829 3366 856 3433 S.
881 3364 928 3429 19.

294 3521 324 3582 8.
341 3521 441 3594 tacta
458 3479 582 3598 aimone
599 3493 792 3598 ttrinngaltmn¹
806 3538 847 3587 ax
863 3540 888 3586 a.
908 3528 1067 3600 scriptura
1084 3509 1281 3603 votorumque
1298 3483 1454 3590 tradtttonc.

378 3675 404 3734 1·.
429 3677 537 3736 Dacos
553 3676 718 3752 (secundum
733 3677 882 3739 Eusebium
898 3689 926 3741 et
940 3677 1152 3758 Hieron'y'rnum)
1166 3683 1250 3778 domo
1266 3681 1455 3746 Antiochenus,

294 3791 353 3843 arie
374 3784 497 3846 medicus
518 3786 587 3864 luit,
609 3787 681 3866 quod
703 3797 732 3850 ei
752 3807 777 3850 a.
801 3789 901 3852 Paulus
924 3785 1232 3873 confirmai,'acribens
1254 3791 1419 3854 adiGoloss.
1430 3786 1454 3861 4,

295 3890 350 3952 ll:
380 3893 483 3956 Salutat
508 3914 560 3957 vos
589 3895 676 3958 Lucas
706 3899 829 3959 medicos
863 3899 1051 3961 charissimus.
1085 3901 1146 3962 ’Ex
1174 3903 1270 3964 eodem
1302 3903 1375 3964 Pauli
1403 3902 1456 3960 loco

291 4007 333 4073 (v.
347 3999 416 4078 ,11)
440 4002 527 4064 bocas
548 4022 601 4066 non
625 4025 679 4081 ,ex
700 4009 929 4071 circumcisione“
952 4010 1041 4070 luisse
1063 4010 1177 4086 videtur,
1199 4011 1249 4072 sed
1264 4011 1390 4088 gentilis3
1411 4006 1455 4066 etsi

292 4109 471 4189 Evangelium
501 4113 617 4175 eundem
647 4124 674 4175 et
703 4091 813 4193 liligoae
842 4127 870 4178 et
891 4103 997 4180 mortim
1018 4117 1204 4180 Hebraeorum
1224 4123 1455 4200 optimegn'arom

291 4221 418 4282 ostendit.
462 4221 521 4282 lam
545 4221 711 4285 Antioohiae
725 4224 810 4286 Paulo
827 4226 964 4308 Apostolo
978 4227 1141 4291 adhaesisse
1157 4230 1274 4305 videtur,
1297 4228 1365 4310 apud
1381 4241 1454 4306 quem

291 4328 393 4390 exinde
415 4347 611 4410 permagnam
633 4334 703 4394 vitae
726 4343 831 4415 partem
853 4339 1010 4432 permansit.
1035 4338 1153 4400 Primum
1175 4341 1245 4400 enini
1266 4344 1328 4400 enin
1349 4331 1455 4396 secutn's
